Away,AP1,AP2,AP3,AOT1,Away_Final,Home,HP1,HP2,HP3,HOT1,Home_Final,Date,P1M,P2M,P3M,FinalMargin,FinalTotal,HomeMargin,Season,OT_Flag,Weekday,TravelDist,Playoffs
Hurricanes,1,3,0,0,4,Wild,1,1,1,0,3,20101007,0,2,1,1,7,-1,2010,0,3,995,0
Flyers,0,2,1,0,3,Penguins,0,0,2,0,2,20101007,0,2,1,1,5,-1,2010,0,3,257,0
Canadiens,1,0,1,0,2,Maple Leafs,2,0,1,0,3,20101007,1,1,1,1,5,1,2010,0,3,303,0
Flames,0,0,0,0,0,Oilers,1,0,3,0,4,20101007,1,1,4,4,4,4,2010,0,3,171,0
Blackhawks,1,1,1,0,3,Avalanche,1,2,0,1,4,20101007,0,1,0,1,7,1,2010,1,3,916,0
Stars,1,2,0,1,4,Devils,2,1,0,0,3,20101008,-1,0,0,1,7,-1,2010,1,4,1362,0
Wild,1,0,0,0,1,Hurricanes,0,1,0,1,2,20101008,-1,0,0,1,3,1,2010,1,4,995,0
Sharks,2,0,1,0,3,Blue Jackets,2,0,0,0,2,20101008,0,0,1,1,5,-1,2010,0,4,2090,0
Ducks,0,0,0,0,0,Red Wings,2,2,0,0,4,20101008,2,4,4,4,4,4,2010,0,4,1979,0
Sabres,1,0,1,0,2,Senators,0,1,0,0,1,20101008,1,0,1,1,3,-1,2010,0,4,219,0
Capitals,1,0,1,0,2,Jets,1,2,1,0,4,20101008,0,2,2,2,6,2,2010,0,4,541,0
Flyers,0,0,1,0,1,Blues,1,0,0,1,2,20101009,1,1,0,1,3,1,2010,1,5,808,0
Ducks,0,1,0,0,1,Predators,0,3,1,0,4,20101009,0,2,3,3,5,3,2010,0,5,1776,0
Canadiens,1,0,2,0,3,Penguins,0,1,1,0,2,20101009,1,0,1,1,5,-1,2010,0,5,474,0
Jets,0,2,1,0,3,Lightning,2,2,1,0,5,20101009,2,2,2,2,8,2,2010,0,5,416,0
Red Wings,1,1,1,0,3,Blackhawks,1,1,0,0,2,20101009,0,0,1,1,5,-1,2010,0,5,238,0
Devils,2,0,0,0,2,Capitals,1,4,2,0,7,20101009,-1,3,5,5,9,5,2010,0,5,198,0
Coyotes,1,3,1,0,5,Bruins,0,0,2,0,2,20101009,1,4,3,3,7,-3,2010,0,5,2295,0
Stars,2,1,1,1,5,Islanders,0,2,1,1,4,20101009,2,1,1,1,9,-1,2010,0,5,1370,0
Rangers,2,2,2,0,6,Sabres,0,1,2,0,3,20101009,2,3,3,3,9,-3,2010,0,5,292,0
Blue Jackets,1,0,1,1,3,Sharks,1,0,1,0,2,20101009,0,0,0,1,5,-1,2010,1,5,2090,0
Kings,0,0,1,1,2,Canucks,0,1,0,0,1,20101009,0,-1,0,1,3,-1,2010,1,5,1076,0
Senators,0,0,1,0,1,Maple Leafs,2,1,2,0,5,20101009,2,3,4,4,6,4,2010,0,5,203,0
Panthers,0,2,0,0,2,Oilers,0,3,0,0,3,20101010,0,1,1,1,5,1,2010,0,6,2569,0
Kings,0,0,1,0,1,Flames,0,1,2,0,3,20101010,0,1,2,2,4,2,2010,0,6,1197,0
Bruins,0,2,1,0,3,Coyotes,0,0,0,0,0,20101010,0,2,3,3,3,-3,2010,0,6,2295,0
Senators,0,1,1,0,2,Capitals,1,1,0,1,3,20101011,1,1,0,1,5,1,2010,1,0,446,0
Rangers,1,2,1,0,4,Islanders,2,1,3,0,6,20101011,1,0,2,2,10,2,2010,0,0,0,0
Ducks,0,1,0,0,1,Blues,2,2,1,0,5,20101011,2,3,4,4,6,4,2010,0,0,1586,0
Penguins,1,1,1,0,3,Devils,0,0,1,0,1,20101011,1,2,2,2,4,-2,2010,0,0,306,0
Blackhawks,1,2,1,0,4,Sabres,2,0,1,0,3,20101011,-1,1,1,1,7,-1,2010,0,0,453,0
Avalanche,0,1,1,0,2,Flyers,2,0,2,0,4,20101011,2,1,2,2,6,2,2010,0,0,1574,0
Panthers,0,1,0,0,1,Canucks,1,0,1,0,2,20101011,1,0,1,1,3,1,2010,0,0,2803,0
Avalanche,1,1,2,1,5,Red Wings,1,2,1,0,4,20101012,0,-1,0,1,9,-1,2010,1,1,1154,0
Jets,0,1,0,0,1,Kings,0,0,3,0,3,20101012,0,-1,2,2,4,2,2010,0,1,1932,0
Devils,0,0,0,1,1,Sabres,0,0,0,0,0,20101013,0,0,0,1,1,-1,2010,1,2,284,0
Islanders,1,0,0,0,1,Capitals,0,1,1,0,2,20101013,-1,0,1,1,3,1,2010,0,2,204,0
Lightning,0,1,2,1,4,Canadiens,2,0,1,0,3,20101013,-2,-1,0,1,7,-1,2010,1,2,1311,0
Maple Leafs,1,3,0,0,4,Penguins,2,1,0,0,3,20101013,-1,1,1,1,7,-1,2010,0,2,222,0
Predators,1,0,2,0,3,Blackhawks,2,0,0,0,2,20101013,-1,-1,1,1,5,-1,2010,0,2,395,0
Canucks,2,0,1,0,3,Ducks,1,1,2,0,4,20101013,-1,0,1,1,7,1,2010,0,2,1076,0
Hurricanes,0,0,2,0,2,Senators,1,1,1,0,3,20101014,1,2,1,1,5,1,2010,0,3,673,0
Lightning,1,1,1,0,3,Flyers,1,0,1,0,2,20101014,0,1,1,1,5,-1,2010,0,3,928,0
Blues,1,1,1,0,3,Predators,3,1,0,0,4,20101014,2,2,1,1,7,1,2010,0,3,253,0
Red Wings,0,0,1,0,1,Stars,1,3,0,0,4,20101014,1,4,3,3,5,3,2010,0,3,999,0
Oilers,0,2,0,0,2,Wild,1,2,1,0,4,20101014,1,1,2,2,6,2,2010,0,3,1083,0
Panthers,2,0,1,0,3,Flames,0,0,0,0,0,20101014,2,2,3,3,3,-3,2010,0,3,2493,0
Canucks,0,0,1,0,1,Kings,1,1,2,0,4,20101015,1,2,3,3,5,3,2010,0,4,1076,0
Jets,1,1,2,1,5,Ducks,1,2,1,0,4,20101015,0,-1,0,1,9,-1,2010,1,4,1932,0
Canadiens,0,2,0,0,2,Sabres,0,0,1,0,1,20101015,0,2,1,1,3,-1,2010,0,4,311,0
Blackhawks,2,2,1,0,5,Blue Jackets,0,1,1,0,2,20101015,2,3,3,3,7,-3,2010,0,4,275,0
Maple Leafs,0,3,0,1,4,Rangers,1,0,2,0,3,20101015,-1,2,0,1,7,-1,2010,1,4,341,0
Avalanche,1,1,1,0,3,Devils,0,1,1,0,2,20101015,1,1,1,1,5,-1,2010,0,4,1618,0
Islanders,0,2,0,0,2,Penguins,0,2,0,1,3,20101015,0,0,0,1,5,1,2010,1,4,314,0
Capitals,0,0,2,1,3,Predators,1,1,0,0,2,20101016,-1,-2,0,1,5,-1,2010,1,5,566,0
Oilers,1,2,0,0,3,Flames,1,1,3,0,5,20101016,0,-1,2,2,8,2,2010,0,5,171,0
Red Wings,0,1,0,1,2,Coyotes,1,0,0,0,1,20101016,-1,0,0,1,3,-1,2010,1,5,1687,0
Blues,2,0,0,0,2,Stars,1,1,0,1,3,20101016,-1,0,0,1,5,1,2010,1,5,547,0
Sabres,2,1,0,0,3,Blackhawks,1,1,2,0,4,20101016,-1,-1,1,1,7,1,2010,0,5,453,0
Blue Jackets,1,1,1,0,3,Wild,0,2,0,0,2,20101016,1,0,1,1,5,-1,2010,0,5,626,0
Lightning,0,0,0,0,0,Panthers,4,0,2,0,6,20101016,4,4,6,6,6,6,2010,0,5,205,0
Avalanche,0,0,2,0,2,Islanders,0,3,2,0,5,20101016,0,3,3,3,7,3,2010,0,5,1627,0
Bruins,0,4,0,0,4,Devils,0,1,0,0,1,20101016,0,3,3,3,5,-3,2010,0,5,196,0
Senators,1,2,0,0,3,Canadiens,1,2,1,0,4,20101016,0,0,1,1,7,1,2010,0,5,104,0
Penguins,1,1,3,0,5,Flyers,1,0,0,0,1,20101016,0,1,4,4,6,-4,2010,0,5,257,0
Jets,0,2,2,0,4,Sharks,2,0,0,0,2,20101016,-2,0,2,2,6,-2,2010,0,5,2109,0
Hurricanes,0,1,0,0,1,Canucks,2,1,2,0,5,20101017,2,2,4,4,6,4,2010,0,6,2409,0
Coyotes,0,0,2,0,2,Ducks,0,2,1,0,3,20101017,0,2,1,1,5,1,2010,0,6,356,0
Blues,0,1,1,0,2,Blackhawks,0,0,2,1,3,20101018,0,-1,0,1,5,1,2010,1,0,260,0
Stars,1,1,2,0,4,Lightning,2,2,1,0,5,20101018,1,2,1,1,9,1,2010,0,0,916,0
Islanders,0,1,0,1,2,Maple Leafs,0,0,1,0,1,20101018,0,1,0,1,3,-1,2010,1,0,341,0
Avalanche,1,0,2,0,3,Rangers,1,0,0,0,1,20101018,0,0,2,2,4,-2,2010,0,0,1627,0
Senators,0,1,1,0,2,Penguins,3,2,0,0,5,20101018,3,4,3,3,7,3,2010,0,0,392,0
Bruins,2,0,1,0,3,Capitals,0,1,0,0,1,20101019,2,1,2,2,4,-2,2010,0,1,394,0
Flames,0,0,0,1,1,Predators,0,0,0,0,0,20101019,0,0,0,1,1,-1,2010,1,1,1692,0
Canucks,1,0,1,0,2,Wild,3,3,0,0,6,20101019,2,5,4,4,8,4,2010,0,1,1427,0
Hurricanes,2,1,2,0,5,Sharks,0,2,0,0,2,20101019,2,1,3,3,7,-3,2010,0,1,2382,0
Sabres,1,2,1,0,4,Jets,0,0,1,0,1,20101020,1,3,3,3,5,-3,2010,0,2,698,0
Ducks,0,0,1,0,1,Blue Jackets,0,2,1,0,3,20101020,0,2,2,2,4,2,2010,0,2,1973,0
Canucks,0,0,1,0,1,Blackhawks,1,0,0,1,2,20101020,1,1,0,1,3,1,2010,1,2,1775,0
Hurricanes,2,1,0,0,3,Kings,2,1,1,0,4,20101020,0,0,1,1,7,1,2010,0,2,2231,0
Islanders,1,1,0,1,3,Lightning,1,1,0,0,2,20101021,0,0,0,1,5,-1,2010,1,3,1004,0
Kings,0,1,1,0,2,Coyotes,2,1,1,0,4,20101021,2,2,2,2,6,2,2010,0,3,356,0
Wild,3,0,1,0,4,Oilers,1,0,1,0,2,20101021,2,2,2,2,6,-2,2010,0,3,1083,0
Sharks,1,2,1,0,4,Avalanche,1,0,1,0,2,20101021,0,2,2,2,6,-2,2010,0,3,927,0
Penguins,0,2,1,1,4,Predators,1,1,1,0,3,20101021,-1,0,0,1,7,-1,2010,1,3,471,0
Stars,2,2,0,0,4,Panthers,0,0,1,0,1,20101021,2,4,3,3,5,-3,2010,0,3,1110,0
Flames,2,0,0,0,2,Red Wings,1,1,2,0,4,20101021,-1,0,2,2,6,2,2010,0,3,1573,0
Rangers,2,0,0,0,2,Maple Leafs,0,0,1,0,1,20101021,2,2,1,1,3,-1,2010,0,3,341,0
Ducks,2,0,1,0,3,Flyers,1,1,0,0,2,20101021,1,0,1,1,5,-1,2010,0,3,2388,0
Capitals,0,0,1,0,1,Bruins,1,2,1,0,4,20101021,1,3,3,3,5,3,2010,0,3,394,0
Devils,1,1,1,0,3,Canadiens,0,0,0,0,0,20101021,1,2,3,3,3,-3,2010,0,3,342,0
Wild,0,0,1,0,1,Canucks,1,1,3,0,5,20101022,1,2,4,4,6,4,2010,0,4,1427,0
Flames,3,1,2,0,6,Blue Jackets,1,0,1,0,2,20101022,2,3,4,4,8,-4,2010,0,4,1670,0
Senators,1,2,1,0,4,Sabres,1,1,0,0,2,20101022,0,1,2,2,6,-2,2010,0,4,219,0
Lightning,3,1,1,0,5,Jets,0,1,1,0,2,20101022,3,3,3,3,7,-3,2010,0,4,416,0
Blackhawks,1,1,0,0,2,Blues,1,1,2,0,4,20101022,0,0,2,2,6,2,2010,0,4,260,0
Penguins,0,0,0,0,0,Blues,0,0,0,1,1,20101023,0,0,0,1,1,1,2010,1,5,557,0
Kings,2,2,2,0,6,Avalanche,2,1,1,0,4,20101023,0,1,2,2,10,-2,2010,0,5,830,0
Sharks,1,2,3,0,6,Oilers,1,0,0,0,1,20101023,0,2,5,5,7,-5,2010,0,5,1190,0
Predators,1,0,0,0,1,Stars,0,0,0,0,0,20101023,1,1,1,1,1,-1,2010,0,5,616,0
Hurricanes,0,2,1,1,4,Coyotes,0,0,3,0,3,20101023,0,2,0,1,7,-1,2010,1,5,1898,0
Islanders,1,2,0,0,3,Panthers,2,1,1,0,4,20101023,1,0,1,1,7,1,2010,0,5,1091,0
Blue Jackets,0,1,2,0,3,Blackhawks,2,0,0,0,2,20101023,-2,-1,1,1,5,-1,2010,0,5,275,0
Maple Leafs,0,2,0,0,2,Flyers,2,1,2,0,5,20101023,2,1,3,3,7,3,2010,0,5,334,0
Canadiens,1,2,0,0,3,Senators,0,0,0,0,0,20101023,1,3,3,3,3,-3,2010,0,5,104,0
Sabres,2,3,1,0,6,Devils,0,0,1,0,1,20101023,2,5,5,5,7,-5,2010,0,5,284,0
Ducks,1,2,1,0,4,Red Wings,1,2,2,0,5,20101023,0,0,1,1,9,1,2010,0,5,1979,0
Rangers,2,1,0,0,3,Bruins,1,1,0,0,2,20101023,1,1,1,1,5,-1,2010,0,5,190,0
Jets,1,1,1,0,3,Capitals,0,1,2,1,4,20101023,-1,-1,0,1,7,1,2010,1,5,541,0
Predators,2,1,1,0,4,Lightning,1,0,2,0,3,20101024,1,2,1,1,7,-1,2010,0,6,621,0
Devils,0,0,1,0,1,Rangers,0,2,1,0,3,20101024,0,2,2,2,4,2,2010,0,6,8,0
Sharks,0,0,0,0,0,Flames,4,0,0,0,4,20101024,4,4,4,4,4,4,2010,0,6,1027,0
Flyers,0,0,1,0,1,Blue Jackets,1,1,0,0,2,20101025,1,2,1,1,3,1,2010,0,0,414,0
Coyotes,0,1,1,0,2,Canadiens,0,2,0,1,3,20101025,0,1,0,1,5,1,2010,1,0,2175,0
Kings,1,1,0,1,3,Wild,2,0,0,0,2,20101025,-1,0,0,1,5,-1,2010,1,0,1521,0
Ducks,0,3,2,0,5,Stars,1,0,1,0,2,20101026,-1,2,3,3,7,-3,2010,0,1,1237,0
Oilers,1,1,2,0,4,Flames,2,2,0,1,5,20101026,1,2,0,1,9,1,2010,1,1,171,0
Avalanche,1,1,1,0,3,Canucks,1,1,1,1,4,20101026,0,0,0,1,7,1,2010,1,1,1105,0
Coyotes,0,1,1,0,2,Senators,3,0,2,0,5,20101026,3,2,3,3,7,3,2010,0,1,2071,0
Panthers,0,1,0,0,1,Maple Leafs,1,0,2,0,3,20101026,1,0,2,2,4,2,2010,0,1,1234,0
Sabres,1,0,2,0,3,Flyers,1,3,2,0,6,20101026,0,3,3,3,9,3,2010,0,1,279,0
Capitals,1,0,2,0,3,Hurricanes,0,0,0,0,0,20101027,1,1,3,3,3,-3,2010,0,2,233,0
Jets,1,2,3,0,6,Rangers,1,1,2,0,4,20101027,0,1,2,2,10,-2,2010,0,2,745,0
Islanders,1,0,2,0,3,Canadiens,2,1,2,0,5,20101027,1,2,2,2,8,2,2010,0,2,343,0
Penguins,3,0,0,0,3,Lightning,2,1,2,0,5,20101027,-1,0,2,2,8,2,2010,0,2,874,0
Kings,1,0,0,0,1,Blackhawks,1,1,1,0,3,20101027,0,1,2,2,4,2,2010,0,2,1741,0
Devils,0,1,1,0,2,Sharks,3,1,1,0,5,20101027,3,3,3,3,7,3,2010,0,2,2540,0
Avalanche,1,2,3,0,6,Flames,2,2,1,0,5,20101028,-1,-1,1,1,11,-1,2010,0,3,898,0
Kings,1,2,2,0,5,Stars,1,0,1,0,2,20101028,0,2,3,3,7,-3,2010,0,3,1237,0
Capitals,0,0,1,0,1,Wild,1,1,0,0,2,20101028,1,2,1,1,3,1,2010,0,3,931,0
Blues,0,1,2,0,3,Predators,0,0,0,0,0,20101028,0,1,3,3,3,-3,2010,0,3,253,0
Maple Leafs,0,0,0,0,0,Bruins,1,1,0,0,2,20101028,1,2,2,2,2,2,2010,0,3,430,0
Oilers,1,0,1,0,2,Blue Jackets,2,0,0,1,3,20101028,1,1,0,1,5,1,2010,1,3,1703,0
Panthers,1,0,2,0,3,Senators,0,3,2,0,5,20101028,-1,2,2,2,8,2,2010,0,3,1370,0
Coyotes,3,0,1,0,4,Red Wings,0,1,1,0,2,20101028,3,2,2,2,6,-2,2010,0,3,1687,0
Oilers,4,2,1,0,7,Blackhawks,2,1,1,0,4,20101029,2,3,3,3,11,-3,2010,0,4,1437,0
Devils,0,1,1,0,2,Ducks,0,1,0,0,1,20101029,0,0,1,1,3,-1,2010,0,4,2436,0
Sabres,2,0,1,0,3,Jets,0,2,1,1,4,20101029,-2,0,0,1,7,1,2010,1,4,698,0
Flyers,0,2,1,0,3,Penguins,1,0,1,0,2,20101029,-1,1,1,1,5,-1,2010,0,4,257,0
Hurricanes,1,2,1,0,4,Rangers,0,3,0,0,3,20101029,1,0,1,1,7,-1,2010,0,4,423,0
Canadiens,1,0,2,0,3,Islanders,0,1,0,0,1,20101029,1,0,2,2,4,-2,2010,0,4,343,0
Devils,0,1,0,0,1,Kings,1,2,0,0,3,20101030,1,2,2,2,4,2,2010,0,5,2436,0
Capitals,1,6,0,0,7,Flames,2,0,0,0,2,20101030,-1,5,5,5,9,-5,2010,0,5,1967,0
Lightning,0,1,2,0,3,Coyotes,0,0,0,0,0,20101030,0,1,3,3,3,-3,2010,0,5,1793,0
Blue Jackets,0,0,1,0,1,Avalanche,1,3,1,0,5,20101030,1,4,4,4,6,4,2010,0,5,1163,0
Blackhawks,0,0,3,0,3,Wild,0,0,1,0,1,20101030,0,0,2,2,4,-2,2010,0,5,355,0
Jets,3,0,0,0,3,Blues,1,0,2,1,4,20101030,-2,-2,0,1,7,1,2010,1,5,467,0
Sabres,0,0,0,0,0,Stars,1,1,2,0,4,20101030,1,2,4,4,4,4,2010,0,5,1197,0
Rangers,1,1,0,0,2,Maple Leafs,0,0,0,0,0,20101030,1,2,2,2,2,-2,2010,0,5,341,0
Islanders,0,1,0,0,1,Flyers,2,4,0,0,6,20101030,2,5,5,5,7,5,2010,0,5,80,0
Bruins,1,2,1,0,4,Senators,0,0,0,0,0,20101030,1,3,4,4,4,-4,2010,0,5,320,0
Panthers,1,1,1,0,3,Canadiens,0,1,0,0,1,20101030,1,1,2,2,4,-2,2010,0,5,1418,0
Penguins,1,1,1,0,3,Hurricanes,0,0,0,0,0,20101030,1,2,3,3,3,-3,2010,0,5,330,0
Predators,0,1,1,0,2,Red Wings,2,1,2,0,5,20101030,2,2,3,3,7,3,2010,0,5,470,0
Ducks,0,0,2,0,2,Sharks,2,3,0,0,5,20101030,2,5,3,3,7,3,2010,0,5,305,0
Devils,0,0,0,0,0,Canucks,1,1,1,0,3,20101101,1,2,3,3,3,3,2010,0,0,2421,0
Hurricanes,0,1,1,0,2,Flyers,1,1,1,0,3,20101101,1,1,1,1,5,1,2010,0,0,345,0
Blackhawks,1,0,1,0,2,Rangers,1,0,2,0,3,20101101,0,0,1,1,5,1,2010,0,0,711,0
Senators,1,2,0,0,3,Maple Leafs,0,0,2,0,2,20101102,1,3,1,1,5,-1,2010,0,1,203,0
Canadiens,0,0,0,0,0,Blue Jackets,2,0,1,0,3,20101102,2,2,3,3,3,3,2010,0,1,605,0
Sharks,0,0,0,0,0,Wild,0,1,0,0,1,20101102,0,1,1,1,1,1,2010,0,1,1570,0
Canucks,3,0,1,0,4,Oilers,0,1,2,0,3,20101102,3,2,1,1,7,-1,2010,0,1,514,0
Lightning,0,1,1,0,2,Ducks,1,0,1,1,3,20101103,1,0,0,1,5,1,2010,1,2,2149,0
Predators,2,1,0,0,3,Coyotes,1,1,2,0,4,20101103,-1,-1,1,1,7,1,2010,0,2,1442,0
Red Wings,0,2,0,0,2,Flames,1,0,0,0,1,20101103,-1,1,1,1,3,-1,2010,0,2,1573,0
Penguins,0,1,1,0,2,Stars,2,2,1,0,5,20101103,2,3,3,3,7,3,2010,0,2,1069,0
Jets,1,1,2,0,4,Panthers,1,1,1,0,3,20101103,0,0,1,1,7,-1,2010,0,2,605,0
Maple Leafs,1,0,3,0,4,Capitals,0,3,1,1,5,20101103,-1,2,0,1,9,1,2010,1,2,349,0
Islanders,0,0,2,0,2,Hurricanes,3,2,2,0,7,20101103,3,5,5,5,9,5,2010,0,2,423,0
Bruins,3,1,1,0,5,Sabres,0,1,1,0,2,20101103,3,3,3,3,7,-3,2010,0,2,399,0
Devils,1,1,3,0,5,Blackhawks,0,1,2,0,3,20101103,1,1,2,2,8,-2,2010,0,2,703,0
Canucks,1,1,1,0,3,Avalanche,0,0,1,0,1,20101104,1,2,2,2,4,-2,2010,0,3,1105,0
Lightning,0,0,0,0,0,Kings,0,0,1,0,1,20101104,0,0,1,1,1,1,2010,0,3,2149,0
Sharks,0,0,0,0,0,Blues,1,1,0,0,2,20101104,1,2,2,2,2,2,2010,0,3,1719,0
Rangers,0,1,0,0,1,Flyers,0,3,1,0,4,20101104,0,2,3,3,5,3,2010,0,3,80,0
Blue Jackets,0,1,2,0,3,Jets,0,0,0,0,0,20101104,0,1,3,3,3,-3,2010,0,3,436,0
Islanders,0,0,1,0,1,Senators,1,2,1,0,4,20101104,1,3,3,3,5,3,2010,0,3,334,0
Rangers,1,1,1,0,3,Devils,0,0,0,0,0,20101105,1,2,3,3,3,-3,2010,0,4,8,0
Bruins,0,0,3,0,3,Capitals,0,3,2,0,5,20101105,0,3,2,2,8,2,2010,0,4,394,0
Canadiens,1,2,0,0,3,Sabres,1,1,0,0,2,20101105,0,1,1,1,5,-1,2010,0,4,311,0
Hurricanes,3,0,1,0,4,Panthers,3,1,3,0,7,20101105,0,1,3,3,11,3,2010,0,4,696,0
Flames,1,0,0,0,1,Wild,1,0,1,0,2,20101105,0,0,1,1,3,1,2010,0,4,1043,0
Coyotes,0,1,2,0,3,Stars,1,4,1,0,6,20101105,1,4,3,3,9,3,2010,0,4,884,0
Red Wings,1,1,1,0,3,Oilers,0,1,0,0,1,20101105,1,1,2,2,4,-2,2010,0,4,1592,0
Penguins,0,1,1,0,2,Ducks,0,3,0,0,3,20101105,0,2,1,1,5,1,2010,0,4,2132,0
Lightning,1,0,1,0,2,Sharks,2,2,1,0,5,20101106,1,3,3,3,7,3,2010,0,5,2365,0
Red Wings,0,3,1,0,4,Canucks,1,2,3,0,6,20101106,1,0,2,2,10,2,2010,0,5,1967,0
Predators,0,0,1,0,1,Kings,2,2,0,0,4,20101106,2,4,3,3,5,3,2010,0,5,1776,0
Penguins,0,3,0,1,4,Coyotes,2,1,0,0,3,20101106,-2,0,0,1,7,-1,2010,1,5,1824,0
Stars,0,0,0,0,0,Avalanche,1,2,2,0,5,20101106,1,3,5,5,5,5,2010,0,5,661,0
Wild,1,1,1,0,3,Blue Jackets,1,1,0,0,2,20101106,0,0,1,1,5,-1,2010,0,5,626,0
Sabres,0,1,1,1,3,Maple Leafs,1,1,0,0,2,20101106,-1,-1,0,1,5,-1,2010,1,5,57,0
Flyers,1,0,1,0,2,Islanders,0,1,0,0,1,20101106,1,0,1,1,3,-1,2010,0,5,80,0
Senators,1,1,1,0,3,Canadiens,0,1,1,0,2,20101106,1,1,1,1,5,-1,2010,0,5,104,0
Panthers,0,0,2,0,2,Hurricanes,0,1,2,0,3,20101106,0,1,1,1,5,1,2010,0,5,696,0
Blues,1,0,0,1,2,Bruins,0,0,1,0,1,20101106,1,1,0,1,3,-1,2010,1,5,1035,0
Blackhawks,2,2,0,1,5,Jets,1,3,0,0,4,20101106,1,0,0,1,9,-1,2010,1,5,587,0
Flyers,1,1,0,0,2,Capitals,1,1,0,1,3,20101107,0,0,0,1,5,1,2010,1,6,123,0
Oilers,0,0,2,0,2,Blackhawks,1,0,0,0,1,20101107,-1,-1,1,1,3,-1,2010,0,6,1437,0
Blues,0,1,1,0,2,Rangers,0,0,0,0,0,20101107,0,1,2,2,2,-2,2010,0,6,871,0
Predators,2,0,2,0,4,Ducks,2,0,3,0,5,20101107,0,0,1,1,9,1,2010,0,6,1776,0
Coyotes,1,1,0,0,2,Red Wings,1,0,1,1,3,20101108,0,-1,0,1,5,1,2010,1,0,1687,0
Maple Leafs,0,0,0,0,0,Lightning,3,0,1,0,4,20101109,3,3,4,4,4,4,2010,0,1,1096,0
Ducks,1,1,0,1,3,Sharks,1,0,1,0,2,20101109,0,1,0,1,5,-1,2010,1,1,305,0
Jets,1,0,1,0,2,Senators,2,2,1,0,5,20101109,1,3,3,3,7,3,2010,0,1,914,0
Flames,0,1,3,0,4,Avalanche,1,0,1,0,2,20101109,-1,0,2,2,6,-2,2010,0,1,898,0
Canucks,0,0,0,0,0,Canadiens,1,0,1,0,2,20101109,1,1,2,2,2,2,2010,0,1,2273,0
Capitals,1,2,2,0,5,Rangers,2,1,0,0,3,20101109,-1,0,2,2,8,-2,2010,0,1,204,0
Oilers,0,0,1,0,1,Hurricanes,4,1,2,0,7,20101109,4,5,6,6,8,6,2010,0,1,2076,0
Sabres,0,3,1,1,5,Devils,1,3,0,0,4,20101110,-1,-1,0,1,9,-1,2010,1,2,284,0
Bruins,2,0,5,0,7,Penguins,2,2,0,0,4,20101110,0,-2,3,3,11,-3,2010,0,2,481,0
Blues,0,1,0,0,1,Blue Jackets,3,3,2,0,8,20101110,3,5,7,7,9,7,2010,0,2,395,0
Maple Leafs,0,0,1,0,1,Panthers,1,1,2,0,4,20101110,1,2,3,3,5,3,2010,0,2,1234,0
Coyotes,0,2,0,0,2,Blackhawks,1,0,0,0,1,20101110,-1,1,1,1,3,-1,2010,0,2,1450,0
Islanders,0,0,0,0,0,Ducks,0,0,1,0,1,20101110,0,0,1,1,1,1,2010,0,2,2445,0
Islanders,0,1,0,0,1,Sharks,0,1,0,1,2,20101111,0,0,0,1,3,1,2010,1,3,2549,0
Stars,1,0,0,0,1,Kings,1,0,2,0,3,20101111,0,0,2,2,4,2,2010,0,3,1237,0
Predators,0,1,1,1,3,Blues,1,0,1,0,2,20101111,-1,0,0,1,5,-1,2010,1,3,253,0
Canucks,1,1,4,0,6,Senators,1,0,1,0,2,20101111,0,1,4,4,8,-4,2010,0,3,2191,0
Oilers,0,0,2,0,2,Red Wings,3,2,1,0,6,20101111,3,5,4,4,8,4,2010,0,3,1592,0
Lightning,1,0,2,0,3,Capitals,0,2,4,0,6,20101111,-1,1,3,3,9,3,2010,0,3,818,0
Sabres,0,2,0,0,2,Rangers,1,1,0,1,3,20101111,1,0,0,1,5,1,2010,1,3,292,0
Flyers,2,2,4,0,8,Hurricanes,0,0,1,0,1,20101111,2,4,7,7,9,-7,2010,0,3,345,0
Canadiens,1,0,2,0,3,Bruins,1,0,0,0,1,20101111,0,0,2,2,4,-2,2010,0,3,270,0
Wild,0,0,1,0,1,Jets,2,1,2,0,5,20101111,2,3,4,4,6,4,2010,0,3,908,0
Oilers,2,1,0,0,3,Devils,1,1,1,1,4,20101112,-1,-1,0,1,7,1,2010,1,4,2016,0
Lightning,0,0,1,0,1,Penguins,0,2,3,0,5,20101112,0,2,4,4,6,4,2010,0,4,874,0
Avalanche,1,3,1,0,5,Blue Jackets,1,0,0,0,1,20101112,0,3,4,4,6,-4,2010,0,4,1163,0
Wild,1,0,0,0,1,Panthers,2,0,0,0,2,20101112,1,1,1,1,3,1,2010,0,4,1513,0
Flames,1,1,2,0,4,Coyotes,0,3,2,0,5,20101112,-1,1,1,1,9,1,2010,0,4,1224,0
Stars,1,0,1,0,2,Ducks,1,0,3,0,4,20101112,0,0,2,2,6,2,2010,0,4,1237,0
Penguins,0,1,3,0,4,Jets,1,0,1,0,2,20101113,-1,0,2,2,6,-2,2010,0,5,521,0
Islanders,1,0,0,0,1,Kings,2,1,2,0,5,20101113,1,2,4,4,6,4,2010,0,5,2445,0
Blackhawks,1,2,0,0,3,Predators,0,2,1,1,4,20101113,-1,-1,0,1,7,1,2010,1,5,395,0
Blues,1,1,1,0,3,Coyotes,1,3,1,0,5,20101113,0,2,2,2,8,2,2010,0,5,1270,0
Canucks,2,1,2,0,5,Maple Leafs,2,1,0,0,3,20101113,0,0,2,2,8,-2,2010,0,5,2090,0
Flames,0,1,2,0,3,Sharks,2,1,1,0,4,20101113,2,2,1,1,7,1,2010,0,5,1027,0
Hurricanes,0,2,0,0,2,Canadiens,2,3,2,0,7,20101113,2,3,5,5,9,5,2010,0,5,727,0
Avalanche,0,0,1,0,1,Red Wings,1,2,0,0,3,20101113,1,3,2,2,4,2,2010,0,5,1154,0
Capitals,1,0,1,0,2,Sabres,0,2,0,1,3,20101113,-1,1,0,1,5,1,2010,1,5,292,0
Senators,1,0,1,0,2,Bruins,0,0,0,0,0,20101113,1,1,2,2,2,-2,2010,0,5,320,0
Panthers,0,1,1,0,2,Flyers,2,3,0,0,5,20101113,2,4,3,3,7,3,2010,0,5,1021,0
Oilers,0,2,0,0,2,Rangers,1,4,3,0,8,20101114,1,3,6,6,10,6,2010,0,6,2024,0
Wild,3,0,1,0,4,Lightning,1,0,0,0,1,20101114,2,2,3,3,5,-3,2010,0,6,1318,0
Jets,1,3,0,0,4,Capitals,3,1,2,0,6,20101114,2,0,2,2,10,2,2010,0,6,541,0
Ducks,1,0,1,0,2,Blackhawks,1,1,0,1,3,20101114,0,1,0,1,5,1,2010,1,6,1741,0
Kings,1,1,1,0,3,Sharks,2,1,3,0,6,20101115,1,1,3,3,9,3,2010,0,0,305,0
Blues,1,1,1,0,3,Avalanche,3,2,1,0,6,20101115,2,3,3,3,9,3,2010,0,0,794,0
Rangers,0,1,1,1,3,Penguins,0,0,2,0,2,20101115,0,1,0,1,5,-1,2010,1,0,314,0
Senators,1,0,0,0,1,Flyers,2,1,2,0,5,20101115,1,2,4,4,6,4,2010,0,0,373,0
Canucks,0,1,2,0,3,Sabres,2,1,0,1,4,20101115,2,2,0,1,7,1,2010,1,0,2137,0
Devils,0,0,0,0,0,Bruins,1,1,1,0,3,20101115,1,2,3,3,3,3,2010,0,0,196,0
Flyers,0,0,0,0,0,Canadiens,1,1,1,0,3,20101116,1,2,3,3,3,3,2010,0,1,400,0
Predators,3,1,0,0,4,Maple Leafs,1,4,0,0,5,20101116,-2,1,1,1,9,1,2010,0,1,646,0
Ducks,0,1,0,0,1,Stars,1,0,1,0,2,20101116,1,0,1,1,3,1,2010,0,1,1237,0
Blackhawks,2,2,1,0,5,Oilers,0,0,0,0,0,20101117,2,4,5,5,5,-5,2010,0,2,1437,0
Blue Jackets,1,1,3,0,5,Kings,1,1,1,0,3,20101117,0,0,2,2,8,-2,2010,0,2,1973,0
Coyotes,0,2,1,0,3,Flames,0,0,1,0,1,20101117,0,2,2,2,4,-2,2010,0,2,1224,0
Sharks,1,2,0,0,3,Avalanche,1,0,2,1,4,20101117,0,-2,0,1,7,1,2010,1,2,927,0
Ducks,0,1,0,0,1,Wild,0,1,0,1,2,20101117,0,0,0,1,3,1,2010,1,2,1521,0
Blues,1,2,0,0,3,Red Wings,1,2,4,0,7,20101117,0,0,4,4,10,4,2010,0,2,454,0
Lightning,1,1,2,0,4,Islanders,0,1,1,0,2,20101117,1,1,2,2,6,-2,2010,0,2,1004,0
Sabres,0,2,0,0,2,Capitals,2,1,1,0,4,20101117,2,1,2,2,6,2,2010,0,2,292,0
Canucks,0,1,0,0,1,Penguins,1,2,0,0,3,20101117,1,2,2,2,4,2,2010,0,2,2168,0
Bruins,0,2,1,0,3,Rangers,0,1,1,0,2,20101117,0,1,1,1,5,-1,2010,0,2,190,0
Senators,0,0,1,0,1,Hurricanes,4,0,3,0,7,20101117,4,4,6,6,8,6,2010,0,2,673,0
Panthers,0,2,0,0,2,Jets,1,0,0,0,1,20101117,-1,1,1,1,3,-1,2010,0,2,605,0
Panthers,0,0,0,0,0,Bruins,1,0,3,0,4,20101118,1,1,4,4,4,4,2010,0,3,1257,0
Lightning,4,3,1,0,8,Flyers,5,2,0,0,7,20101118,-1,0,1,1,15,-1,2010,0,3,928,0
Devils,0,1,0,0,1,Maple Leafs,0,2,1,0,3,20101118,0,1,2,2,4,2,2010,0,3,333,0
Predators,0,1,2,0,3,Canadiens,0,0,0,0,0,20101118,0,1,3,3,3,-3,2010,0,3,937,0
Sharks,1,2,1,0,4,Stars,2,0,2,1,5,20101118,1,-1,0,1,9,1,2010,1,3,1449,0
Coyotes,0,2,1,1,4,Oilers,1,2,0,0,3,20101119,-1,-1,0,1,7,-1,2010,1,4,1392,0
Blackhawks,1,0,1,0,2,Flames,2,2,3,0,7,20101119,1,3,5,5,9,5,2010,0,4,1397,0
Rangers,0,0,1,0,1,Avalanche,0,4,1,0,5,20101119,0,4,4,4,6,4,2010,0,4,1627,0
Senators,1,0,1,0,2,Blues,0,3,2,0,5,20101119,-1,2,3,3,7,3,2010,0,4,860,0
Blue Jackets,1,3,0,0,4,Ducks,0,2,1,0,3,20101119,1,2,1,1,7,-1,2010,0,4,1973,0
Wild,1,1,1,1,4,Red Wings,0,1,2,0,3,20101119,1,1,0,1,7,-1,2010,1,4,542,0
Hurricanes,2,1,1,0,4,Penguins,2,1,1,1,5,20101119,0,0,0,1,9,1,2010,1,4,330,0
Capitals,0,0,0,0,0,Jets,3,1,1,0,5,20101119,3,4,5,5,5,5,2010,0,4,541,0
Kings,1,1,0,0,2,Sabres,0,2,2,0,4,20101119,-1,0,2,2,6,2,2010,0,4,2193,0
Kings,2,1,0,1,4,Bruins,0,2,1,0,3,20101120,2,1,0,1,7,-1,2010,1,5,2590,0
Lightning,1,1,0,0,2,Sabres,1,0,0,0,1,20101120,0,1,1,1,3,-1,2010,0,5,1051,0
Predators,0,1,0,1,2,Hurricanes,1,0,0,0,1,20101120,-1,0,0,1,3,-1,2010,1,5,456,0
Maple Leafs,0,0,0,0,0,Canadiens,0,1,1,0,2,20101120,0,1,2,2,2,2,2010,0,5,303,0
Panthers,0,4,0,0,4,Islanders,1,0,0,0,1,20101120,-1,3,3,3,5,-3,2010,0,5,1091,0
Flyers,0,2,2,1,5,Capitals,1,0,3,0,4,20101120,-1,1,0,1,9,-1,2010,1,5,123,0
Avalanche,1,2,0,1,4,Stars,0,2,1,0,3,20101120,1,1,0,1,7,-1,2010,1,5,661,0
Devils,1,1,0,0,2,Blues,1,1,1,0,3,20101120,0,0,1,1,5,1,2010,0,5,863,0
Rangers,0,3,2,0,5,Wild,0,0,2,0,2,20101120,0,3,3,3,7,-3,2010,0,5,1016,0
Blackhawks,0,4,3,0,7,Canucks,0,0,1,0,1,20101120,0,4,6,6,8,-6,2010,0,5,1775,0
Blue Jackets,1,1,1,0,3,Sharks,0,0,0,0,0,20101120,1,2,3,3,3,-3,2010,0,5,2090,0
Oilers,0,2,2,0,4,Ducks,0,2,0,0,2,20101121,0,0,2,2,6,-2,2010,0,6,1368,0
Coyotes,0,2,1,0,3,Canucks,0,2,0,0,2,20101121,0,0,1,1,5,-1,2010,0,6,1228,0
Flames,1,2,1,0,4,Red Wings,1,0,3,1,5,20101121,0,-2,0,1,9,1,2010,1,6,1573,0
Islanders,0,1,0,0,1,Jets,0,0,1,1,2,20101121,0,-1,0,1,3,1,2010,1,6,745,0
Penguins,2,0,1,0,3,Panthers,1,1,0,0,2,20101122,1,0,1,1,5,-1,2010,0,0,1013,0
Kings,1,1,0,0,2,Senators,1,1,1,0,3,20101122,0,0,1,1,5,1,2010,0,0,2345,0
Predators,0,0,0,0,0,Blue Jackets,1,1,0,0,2,20101122,1,2,2,2,2,2,2010,0,0,333,0
Bruins,0,0,1,0,1,Lightning,0,3,0,0,3,20101122,0,3,2,2,4,2,2010,0,0,1183,0
Canadiens,2,0,0,0,2,Flyers,0,1,2,0,3,20101122,-2,-1,1,1,5,1,2010,0,0,400,0
Flames,0,1,0,0,1,Rangers,0,2,0,0,2,20101122,0,1,1,1,3,1,2010,0,0,2023,0
Capitals,0,0,0,0,0,Devils,3,2,0,0,5,20101122,3,5,5,5,5,5,2010,0,0,198,0
Stars,0,1,0,0,1,Maple Leafs,1,2,1,0,4,20101122,1,2,3,3,5,3,2010,0,0,1201,0
Oilers,0,0,0,0,0,Coyotes,1,2,2,0,5,20101123,1,3,5,5,5,5,2010,0,1,1392,0
Rangers,0,0,3,0,3,Lightning,2,3,0,0,5,20101124,2,5,2,2,8,2,2010,0,2,1004,0
Blackhawks,0,1,1,0,2,Sharks,1,2,2,0,5,20101124,1,2,3,3,7,3,2010,0,2,1837,0
Avalanche,0,1,1,0,2,Canucks,1,1,2,0,4,20101124,1,1,2,2,6,2,2010,0,2,1105,0
Flyers,2,1,3,0,6,Wild,0,1,0,0,1,20101124,2,2,5,5,7,-5,2010,0,2,983,0
Blues,1,0,0,1,2,Predators,0,1,0,0,1,20101124,1,0,0,1,3,-1,2010,1,2,253,0
Stars,0,1,1,0,2,Senators,0,1,0,0,1,20101124,0,0,1,1,3,-1,2010,0,2,1404,0
Bruins,0,0,3,0,3,Panthers,0,1,0,0,1,20101124,0,-1,2,2,4,-2,2010,0,2,1257,0
Kings,0,1,0,0,1,Canadiens,2,2,0,0,4,20101124,2,3,3,3,5,3,2010,0,2,2448,0
Red Wings,1,0,0,0,1,Jets,2,2,1,0,5,20101124,1,3,4,4,6,4,2010,0,2,597,0
Blue Jackets,2,1,0,1,4,Islanders,1,2,0,0,3,20101124,1,0,0,1,7,-1,2010,1,2,476,0
Capitals,1,1,1,0,3,Hurricanes,0,0,2,0,2,20101124,1,2,1,1,5,-1,2010,0,2,233,0
Penguins,1,0,0,0,1,Sabres,0,0,0,0,0,20101124,1,1,1,1,1,-1,2010,0,2,178,0
Flames,0,0,1,0,1,Devils,1,0,0,1,2,20101124,1,1,0,1,3,1,2010,1,2,2015,0
Avalanche,1,1,0,0,2,Oilers,2,0,1,0,3,20101125,1,0,1,1,5,1,2010,0,3,1036,0
Sharks,1,0,0,0,1,Canucks,1,2,3,0,6,20101126,0,2,5,5,7,5,2010,0,4,821,0
Blues,1,1,0,0,2,Stars,0,1,2,0,3,20101126,-1,-1,1,1,5,1,2010,0,4,547,0
Rangers,1,0,2,0,3,Panthers,0,0,0,0,0,20101126,1,1,3,3,3,-3,2010,0,4,1091,0
Maple Leafs,0,0,1,0,1,Sabres,2,0,1,0,3,20101126,2,2,2,2,4,2,2010,0,4,57,0
Red Wings,0,1,1,0,2,Blue Jackets,0,0,1,0,1,20101126,0,1,1,1,3,-1,2010,0,4,163,0
Lightning,0,0,0,0,0,Capitals,1,4,1,0,6,20101126,1,5,6,6,6,6,2010,0,4,818,0
Canadiens,0,0,0,0,0,Jets,1,2,0,0,3,20101126,1,3,3,3,3,3,2010,0,4,992,0
Predators,0,0,2,0,2,Wild,3,1,1,0,5,20101126,3,4,3,3,7,3,2010,0,4,696,0
Senators,1,0,0,0,1,Penguins,0,1,1,0,2,20101126,-1,0,1,1,3,1,2010,0,4,392,0
Flames,0,1,1,1,3,Flyers,0,2,0,0,2,20101126,0,-1,0,1,5,-1,2010,1,4,2003,0
Devils,0,0,0,0,0,Islanders,1,1,0,0,2,20101126,1,2,2,2,2,2,2010,0,4,8,0
Hurricanes,1,1,1,0,3,Bruins,0,0,0,0,0,20101126,1,2,3,3,3,-3,2010,0,4,609,0
Blackhawks,0,1,3,0,4,Ducks,1,0,0,0,1,20101126,-1,0,3,3,5,-3,2010,0,4,1741,0
Blackhawks,0,1,1,0,2,Kings,0,0,1,0,1,20101127,0,1,1,1,3,-1,2010,0,5,1741,0
Sharks,1,2,1,0,4,Oilers,1,0,2,0,3,20101127,0,2,1,1,7,-1,2010,0,5,1190,0
Wild,2,1,1,0,4,Avalanche,1,4,2,0,7,20101127,-1,2,3,3,11,3,2010,0,5,698,0
Rangers,0,0,1,1,2,Predators,1,0,0,0,1,20101127,-1,-1,0,1,3,-1,2010,1,5,758,0
Ducks,1,2,3,0,6,Coyotes,1,2,1,0,4,20101127,0,0,2,2,10,-2,2010,0,5,356,0
Panthers,0,1,2,1,4,Lightning,1,1,1,0,3,20101127,-1,-1,0,1,7,-1,2010,1,5,205,0
Maple Leafs,0,0,0,0,0,Senators,1,2,0,0,3,20101127,1,3,3,3,3,3,2010,0,5,203,0
Sabres,0,0,1,0,1,Canadiens,1,2,0,0,3,20101127,1,3,2,2,4,2,2010,0,5,311,0
Flames,0,0,1,0,1,Penguins,0,2,2,0,4,20101127,0,2,3,3,5,3,2010,0,5,1777,0
Flyers,0,0,1,0,1,Devils,1,0,0,1,2,20101127,1,1,0,1,3,1,2010,1,5,75,0
Stars,0,0,2,0,2,Blues,0,1,0,0,1,20101127,0,-1,1,1,3,-1,2010,0,5,547,0
Blue Jackets,1,0,1,0,2,Red Wings,0,2,2,0,4,20101128,-1,1,2,2,6,2,2010,0,6,163,0
Hurricanes,0,1,1,0,2,Capitals,2,0,0,1,3,20101128,2,1,0,1,5,1,2010,1,6,233,0
Bruins,0,1,0,0,1,Jets,3,1,0,0,4,20101128,3,3,3,3,5,3,2010,0,6,935,0
Kings,0,0,0,0,0,Ducks,0,1,1,0,2,20101129,0,1,2,2,2,2,2010,0,0,0,0
Wild,0,0,0,0,0,Flames,0,2,1,0,3,20101129,0,2,3,3,3,3,2010,0,0,1043,0
Oilers,0,1,3,0,4,Senators,1,0,0,0,1,20101129,-1,0,3,3,5,-3,2010,0,0,1754,0
Stars,1,2,1,0,4,Hurricanes,0,1,0,0,1,20101129,1,2,3,3,5,-3,2010,0,0,1055,0
Penguins,1,2,0,0,3,Rangers,0,1,0,0,1,20101129,1,2,2,2,4,-2,2010,0,0,314,0
Lightning,0,1,2,1,4,Maple Leafs,1,1,1,0,3,20101130,-1,-1,0,1,7,-1,2010,1,1,1096,0
Blues,1,1,3,0,5,Blackhawks,2,3,2,0,7,20101130,1,3,2,2,12,2,2010,0,1,260,0
Coyotes,0,0,0,0,0,Predators,1,1,1,0,3,20101130,1,2,3,3,3,3,2010,0,1,1442,0
Jets,1,0,1,1,3,Avalanche,0,0,2,0,2,20101130,1,1,0,1,5,-1,2010,1,1,1209,0
Red Wings,2,2,1,0,5,Sharks,1,1,1,0,3,20101130,1,2,2,2,8,-2,2010,0,1,2071,0
Panthers,0,1,2,0,3,Ducks,1,2,2,0,5,20101201,1,2,2,2,8,2,2010,0,2,2335,0
Canucks,2,1,4,0,7,Flames,1,1,0,0,2,20101201,1,1,5,5,9,-5,2010,0,2,426,0
Coyotes,1,1,2,0,4,Wild,0,0,2,0,2,20101201,1,2,2,2,6,-2,2010,0,2,1278,0
Bruins,2,0,1,0,3,Flyers,0,0,0,0,0,20101201,2,2,3,3,3,-3,2010,0,2,270,0
Predators,1,1,1,1,4,Blue Jackets,0,1,2,0,3,20101201,1,1,0,1,7,-1,2010,1,2,333,0
Oilers,1,0,2,1,4,Canadiens,1,2,0,0,3,20101201,0,-2,0,1,7,-1,2010,1,2,1826,0
Capitals,1,1,2,0,4,Blues,0,1,0,0,1,20101201,1,1,3,3,5,-3,2010,0,2,708,0
Sharks,1,1,2,0,4,Senators,0,0,0,0,0,20101202,1,2,4,4,4,-4,2010,0,3,2408,0
Panthers,1,1,0,0,2,Kings,1,0,2,0,3,20101202,0,-1,1,1,5,1,2010,0,3,2335,0
Capitals,0,0,1,0,1,Stars,0,1,1,0,2,20101202,0,1,1,1,3,1,2010,0,3,1181,0
Oilers,1,2,2,0,5,Maple Leafs,0,0,0,0,0,20101202,1,3,5,5,5,-5,2010,0,3,1683,0
Rangers,2,2,2,0,6,Islanders,1,2,2,0,5,20101202,1,1,1,1,11,-1,2010,0,3,0,0
Canadiens,2,3,0,0,5,Devils,0,0,1,0,1,20101202,2,5,4,4,6,-4,2010,0,3,342,0
Lightning,0,1,0,0,1,Bruins,2,2,4,0,8,20101202,2,3,7,7,9,7,2010,0,3,1183,0
Jets,1,1,0,0,2,Penguins,1,2,0,0,3,20101202,0,1,1,1,5,1,2010,0,3,521,0
Avalanche,0,0,1,0,1,Hurricanes,0,0,1,1,2,20101203,0,0,0,1,3,1,2010,1,4,1459,0
Islanders,0,0,0,0,0,Rangers,0,1,1,0,2,20101203,0,1,2,2,2,2,2010,0,4,0,0
Blue Jackets,0,0,0,0,0,Sabres,2,1,2,0,5,20101203,2,3,5,5,5,5,2010,0,4,293,0
Flames,0,1,1,1,3,Wild,0,1,1,0,2,20101203,0,0,0,1,5,-1,2010,1,4,1043,0
Canucks,0,1,2,0,3,Blackhawks,0,0,0,0,0,20101203,0,1,3,3,3,-3,2010,0,4,1775,0
Red Wings,1,2,1,0,4,Ducks,0,0,0,0,0,20101203,1,3,4,4,4,-4,2010,0,4,1979,0
Panthers,0,1,0,1,2,Coyotes,0,1,0,0,1,20101204,0,0,0,1,3,-1,2010,1,5,1978,0
Red Wings,1,1,0,0,2,Kings,0,2,0,1,3,20101204,-1,0,0,1,5,1,2010,1,5,1979,0
Blues,0,0,1,0,1,Oilers,0,0,1,1,2,20101204,0,0,0,1,3,1,2010,1,5,1508,0
Hurricanes,1,1,0,0,2,Predators,3,0,2,0,5,20101204,2,1,3,3,7,3,2010,0,5,456,0
Avalanche,1,1,3,0,5,Lightning,1,3,2,0,6,20101204,0,2,1,1,11,1,2010,0,5,1521,0
Wild,0,1,2,0,3,Stars,1,1,1,1,4,20101204,1,1,0,1,7,1,2010,1,5,863,0
Jets,0,2,1,0,3,Capitals,0,1,0,0,1,20101204,0,1,2,2,4,-2,2010,0,5,541,0
Devils,2,0,1,0,3,Flyers,1,1,3,0,5,20101204,-1,0,2,2,8,2,2010,0,5,75,0
Sharks,1,0,0,0,1,Canadiens,1,1,1,0,3,20101204,0,1,2,2,4,2,2010,0,5,2508,0
Penguins,4,3,0,0,7,Blue Jackets,0,1,1,0,2,20101204,4,6,5,5,9,-5,2010,0,5,161,0
Bruins,1,0,1,0,2,Maple Leafs,1,0,1,1,3,20101204,0,0,0,1,5,1,2010,1,5,430,0
Sabres,0,0,0,1,1,Senators,0,0,0,0,0,20101204,0,0,0,1,1,-1,2010,1,5,219,0
Flyers,1,0,2,0,3,Islanders,0,0,2,0,2,20101205,1,1,1,1,5,-1,2010,0,6,80,0
Senators,0,1,2,0,3,Rangers,0,1,0,0,1,20101205,0,0,2,2,4,-2,2010,0,6,334,0
Coyotes,1,1,1,0,3,Ducks,0,0,0,0,0,20101205,1,2,3,3,3,-3,2010,0,6,356,0
Blues,1,1,1,0,3,Canucks,1,1,0,0,2,20101205,0,0,1,1,5,-1,2010,0,6,1778,0
Flames,2,0,0,0,2,Blackhawks,3,0,1,0,4,20101205,1,1,2,2,6,2,2010,0,6,1397,0
Devils,1,0,0,0,1,Penguins,1,1,0,0,2,20101206,0,1,1,1,3,1,2010,0,0,306,0
Maple Leafs,1,0,3,1,5,Capitals,2,2,0,0,4,20101206,-1,-3,0,1,9,-1,2010,1,0,349,0
Predators,2,0,0,0,2,Jets,0,1,1,1,3,20101206,-2,-1,0,1,5,1,2010,1,0,215,0
Stars,0,1,1,0,2,Blue Jackets,1,0,1,1,3,20101206,1,0,0,1,5,1,2010,1,0,912,0
Sharks,1,3,1,0,5,Red Wings,2,0,0,0,2,20101206,-1,2,3,3,7,-3,2010,0,0,2071,0
Ducks,0,1,1,1,3,Oilers,0,0,2,0,2,20101207,0,1,0,1,5,-1,2010,1,1,1368,0
Lightning,0,2,0,0,2,Flames,2,1,1,0,4,20101207,2,1,2,2,6,2,2010,0,1,2289,0
Avalanche,0,2,1,0,3,Panthers,1,1,1,1,4,20101207,1,0,0,1,7,1,2010,1,1,1724,0
Senators,1,0,0,0,1,Canadiens,1,0,3,0,4,20101207,0,0,3,3,5,3,2010,0,1,104,0
Sabres,0,1,1,0,2,Bruins,1,0,1,1,3,20101207,1,0,0,1,5,1,2010,1,1,399,0
Sharks,1,0,3,1,5,Flyers,0,3,1,0,4,20101208,1,-2,0,1,9,-1,2010,1,2,2499,0
Maple Leafs,0,0,2,0,2,Penguins,1,3,1,0,5,20101208,1,4,3,3,7,3,2010,0,2,222,0
Predators,1,1,1,0,3,Red Wings,0,1,1,0,2,20101208,1,1,1,1,5,-1,2010,0,2,470,0
Stars,0,3,0,0,3,Blackhawks,2,2,1,0,5,20101208,2,1,2,2,8,2,2010,0,2,802,0
Ducks,1,2,1,0,4,Canucks,2,0,2,1,5,20101208,1,-1,0,1,9,1,2010,1,2,1076,0
Flames,0,0,1,0,1,Kings,1,0,1,0,2,20101209,1,1,1,1,3,1,2010,0,3,1197,0
Wild,2,0,1,0,3,Coyotes,1,0,1,0,2,20101209,1,1,1,1,5,-1,2010,0,3,1278,0
Blue Jackets,0,0,1,0,1,Blues,2,1,1,0,4,20101209,2,3,3,3,5,3,2010,0,3,395,0
Rangers,1,1,3,0,5,Senators,1,2,0,0,3,20101209,0,-1,2,2,8,-2,2010,0,3,334,0
Sharks,0,2,1,0,3,Sabres,1,2,3,0,6,20101209,1,1,3,3,9,3,2010,0,3,2279,0
Flyers,2,2,0,0,4,Maple Leafs,0,1,0,0,1,20101209,2,3,3,3,5,-3,2010,0,3,334,0
Islanders,0,1,1,0,2,Bruins,1,1,3,0,5,20101209,1,1,3,3,7,3,2010,0,3,190,0
Panthers,0,1,2,0,3,Capitals,0,0,0,0,0,20101209,0,1,3,3,3,-3,2010,0,3,924,0
Hurricanes,0,1,0,0,1,Stars,1,0,0,1,2,20101210,1,0,0,1,3,1,2010,1,4,1055,0
Lightning,2,0,1,0,3,Oilers,1,2,0,1,4,20101210,-1,1,0,1,7,1,2010,1,4,2367,0
Flames,0,0,2,0,2,Ducks,1,1,0,1,3,20101210,1,2,0,1,5,1,2010,1,4,1197,0
Avalanche,0,2,2,0,4,Jets,1,1,0,0,2,20101210,-1,0,2,2,6,-2,2010,0,4,1209,0
Canadiens,1,0,1,0,2,Red Wings,1,2,1,0,4,20101210,0,2,2,2,6,2,2010,0,4,508,0
Devils,0,2,0,0,2,Senators,1,2,0,0,3,20101210,1,1,1,1,5,1,2010,0,4,330,0
Flyers,0,1,0,1,2,Bruins,0,0,1,0,1,20101211,0,1,0,1,3,-1,2010,1,5,270,0
Penguins,2,0,3,0,5,Sabres,1,0,1,0,2,20101211,1,1,3,3,7,-3,2010,0,5,178,0
Red Wings,2,1,1,0,4,Devils,0,0,1,0,1,20101211,2,3,3,3,5,-3,2010,0,5,471,0
Jets,0,1,4,0,5,Islanders,1,1,2,0,4,20101211,-1,-1,1,1,9,-1,2010,0,5,745,0
Canadiens,0,1,0,0,1,Maple Leafs,2,0,1,0,3,20101211,2,1,2,2,4,2,2010,0,5,303,0
Avalanche,2,1,0,0,3,Capitals,1,0,1,0,2,20101211,1,2,1,1,5,-1,2010,0,5,1489,0
Rangers,0,1,0,0,1,Blue Jackets,0,1,2,0,3,20101211,0,0,2,2,4,2,2010,0,5,476,0
Hurricanes,0,0,1,1,2,Blues,0,0,1,0,1,20101211,0,0,0,1,3,-1,2010,1,5,665,0
Stars,0,1,1,0,2,Coyotes,3,0,2,0,5,20101211,3,2,3,3,7,3,2010,0,5,884,0
Panthers,0,0,0,0,0,Predators,2,0,1,0,3,20101211,2,2,3,3,3,3,2010,0,5,816,0
Wild,1,1,0,1,3,Kings,0,1,1,0,2,20101211,1,1,0,1,5,-1,2010,1,5,1521,0
Blackhawks,1,0,0,0,1,Sharks,1,0,0,1,2,20101211,0,0,0,1,3,1,2010,1,5,1837,0
Lightning,1,3,0,1,5,Canucks,1,1,2,0,4,20101211,0,2,0,1,9,-1,2010,1,5,2598,0
Wild,1,1,0,0,2,Ducks,2,3,1,0,6,20101212,1,3,4,4,8,4,2010,0,6,1521,0
Capitals,0,0,0,0,0,Rangers,1,4,2,0,7,20101212,1,5,7,7,7,7,2010,0,6,204,0
Canucks,1,1,0,0,2,Oilers,0,0,1,0,1,20101212,1,2,1,1,3,-1,2010,0,6,514,0
Kings,1,1,3,0,5,Red Wings,0,0,0,0,0,20101213,1,2,5,5,5,-5,2010,0,0,1979,0
Jets,2,1,0,1,4,Senators,0,1,2,0,3,20101213,2,2,0,1,7,-1,2010,1,0,914,0
Islanders,0,0,0,0,0,Predators,1,2,2,0,5,20101213,1,3,5,5,5,5,2010,0,0,758,0
Blue Jackets,0,1,1,0,2,Flames,2,0,0,1,3,20101213,2,1,0,1,5,1,2010,1,0,1670,0
Blackhawks,3,1,1,0,5,Avalanche,3,1,3,0,7,20101213,0,0,2,2,12,2,2010,0,0,916,0
Stars,1,1,0,1,3,Sharks,0,2,0,0,2,20101213,1,0,0,1,5,-1,2010,1,0,1449,0
Penguins,0,1,1,0,2,Flyers,1,1,1,0,3,20101214,1,1,1,1,5,1,2010,0,1,257,0
Maple Leafs,1,2,1,0,4,Oilers,1,0,0,0,1,20101214,0,2,3,3,5,-3,2010,0,1,1683,0
Jets,1,0,0,0,1,Lightning,0,1,0,1,2,20101215,-1,0,0,1,3,1,2010,1,2,416,0
Blue Jackets,0,1,1,0,2,Canucks,1,1,0,1,3,20101215,1,1,0,1,5,1,2010,1,2,2050,0
Avalanche,1,0,3,0,4,Blackhawks,0,1,2,0,3,20101215,1,0,1,1,7,-1,2010,0,2,916,0
Sharks,1,1,0,0,2,Predators,0,1,2,0,3,20101215,-1,-1,1,1,5,1,2010,0,2,1934,0
Flyers,1,1,3,0,5,Canadiens,0,1,2,0,3,20101215,1,1,2,2,8,-2,2010,0,2,400,0
Hurricanes,0,1,3,0,4,Panthers,3,0,0,0,3,20101215,-3,-2,1,1,7,-1,2010,0,2,696,0
Ducks,0,1,0,1,2,Capitals,1,0,0,0,1,20101215,-1,0,0,1,3,-1,2010,1,2,2294,0
Blues,0,1,1,0,2,Red Wings,0,3,2,0,5,20101215,0,2,3,3,7,3,2010,0,2,454,0
Rangers,0,0,4,0,4,Penguins,1,0,0,0,1,20101215,-1,-1,3,3,5,-3,2010,0,2,314,0
Coyotes,0,0,0,0,0,Devils,2,0,1,0,3,20101215,2,2,3,3,3,3,2010,0,2,2131,0
Bruins,1,0,1,0,2,Sabres,1,0,2,0,3,20101215,0,0,1,1,5,1,2010,0,2,399,0
Ducks,0,1,1,0,2,Islanders,3,0,0,0,3,20101216,3,2,1,1,5,1,2010,0,3,2445,0
Coyotes,2,1,0,0,3,Rangers,1,1,1,1,4,20101216,-1,-1,0,1,7,1,2010,1,3,2139,0
Hurricanes,0,0,2,1,3,Jets,0,2,0,0,2,20101216,0,-2,0,1,5,-1,2010,1,3,354,0
Bruins,1,1,1,0,3,Canadiens,3,1,0,0,4,20101216,2,2,1,1,7,1,2010,0,3,270,0
Kings,1,3,0,0,4,Blues,1,3,2,0,6,20101216,0,0,2,2,10,2,2010,0,3,1586,0
Senators,0,2,1,0,3,Wild,1,0,0,0,1,20101216,-1,1,2,2,4,-2,2010,0,3,838,0
Sharks,1,2,0,1,4,Stars,1,1,1,0,3,20101216,0,1,0,1,7,-1,2010,1,3,1449,0
Maple Leafs,1,0,1,0,2,Flames,1,3,1,0,5,20101216,0,3,3,3,7,3,2010,0,3,1682,0
Blue Jackets,2,0,1,0,3,Oilers,3,3,0,0,6,20101216,1,4,3,3,9,3,2010,0,3,1703,0
Red Wings,1,0,0,0,1,Blackhawks,2,1,1,0,4,20101217,1,2,3,3,5,3,2010,0,4,238,0
Senators,2,1,2,0,5,Avalanche,1,2,2,1,6,20101217,-1,0,0,1,11,1,2010,1,4,1515,0
Predators,1,1,1,0,3,Devils,0,0,1,0,1,20101217,1,2,2,2,4,-2,2010,0,4,750,0
Sabres,0,1,1,0,2,Panthers,4,1,1,0,6,20101217,4,4,4,4,8,4,2010,0,4,1184,0
Wild,0,2,1,0,3,Flames,0,0,1,0,1,20101218,0,2,2,2,4,-2,2010,0,5,1043,0
Kings,4,2,0,0,6,Predators,1,0,0,0,1,20101218,3,5,5,5,7,-5,2010,0,5,1776,0
Sharks,2,1,1,0,4,Blues,0,1,0,0,1,20101218,2,2,3,3,5,-3,2010,0,5,1719,0
Stars,1,0,1,0,2,Blue Jackets,1,0,0,0,1,20101218,0,0,1,1,3,-1,2010,0,5,912,0
Devils,0,1,0,0,1,Jets,3,1,3,0,7,20101218,3,3,6,6,8,6,2010,0,5,739,0
Sabres,0,1,0,0,1,Lightning,0,2,1,0,3,20101218,0,1,2,2,4,2,2010,0,5,1051,0
Coyotes,1,0,2,1,4,Islanders,0,2,1,0,3,20101218,1,-1,0,1,7,-1,2010,1,5,2139,0
Ducks,1,0,1,0,2,Hurricanes,2,1,1,0,4,20101218,1,2,2,2,6,2,2010,0,5,2231,0
Capitals,0,1,1,0,2,Bruins,3,0,0,0,3,20101218,3,2,1,1,5,1,2010,0,5,394,0
Rangers,0,0,1,0,1,Flyers,0,1,3,0,4,20101218,0,1,3,3,5,3,2010,0,5,80,0
Maple Leafs,0,0,1,0,1,Canucks,1,1,2,0,4,20101218,1,2,3,3,5,3,2010,0,5,2090,0
Stars,2,0,1,1,4,Red Wings,2,1,0,0,3,20101219,0,-1,0,1,7,-1,2010,1,6,999,0
Kings,0,1,1,0,2,Blackhawks,1,2,0,0,3,20101219,1,2,1,1,5,1,2010,0,6,1741,0
Capitals,0,3,0,0,3,Senators,2,0,0,0,2,20101219,-2,1,1,1,5,-1,2010,0,6,446,0
Canadiens,1,1,0,0,2,Avalanche,1,2,0,0,3,20101219,0,1,1,1,5,1,2010,0,6,1618,0
Hurricanes,1,0,0,0,1,Lightning,2,3,0,0,5,20101220,1,4,4,4,6,4,2010,0,0,585,0
Flames,0,1,0,0,1,Wild,1,0,3,0,4,20101220,1,0,3,3,5,3,2010,0,0,1043,0
Ducks,1,2,0,0,3,Bruins,0,0,0,0,0,20101220,1,3,3,3,3,-3,2010,0,0,2590,0
Canucks,0,2,1,0,3,Blues,0,1,0,0,1,20101220,0,1,2,2,4,-2,2010,0,0,1778,0
Coyotes,0,0,1,0,1,Penguins,2,3,1,0,6,20101220,2,5,5,5,7,5,2010,0,0,1824,0
Panthers,2,2,1,0,5,Flyers,0,0,0,0,0,20101220,2,4,5,5,5,-5,2010,0,0,1021,0
Jets,2,1,3,0,6,Maple Leafs,0,1,2,0,3,20101220,2,2,3,3,9,-3,2010,0,0,733,0
Kings,1,1,3,0,5,Avalanche,0,0,0,0,0,20101221,1,2,5,5,5,-5,2010,0,1,830,0
Canadiens,0,1,1,0,2,Stars,2,2,1,0,5,20101221,2,3,3,3,7,3,2010,0,1,1505,0
Devils,0,1,0,0,1,Capitals,1,3,1,0,5,20101221,1,3,4,4,6,4,2010,0,1,198,0
Oilers,0,0,1,0,1,Sharks,0,2,0,0,2,20101221,0,2,1,1,3,1,2010,0,1,1190,0
Blues,1,1,2,0,4,Jets,1,0,1,0,2,20101221,0,1,2,2,6,-2,2010,0,1,467,0
Ducks,0,0,2,0,2,Sabres,3,1,1,0,5,20101221,3,4,3,3,7,3,2010,0,1,2193,0
Flames,0,1,0,0,1,Blue Jackets,1,1,1,0,3,20101221,1,1,2,2,4,2,2010,0,1,1670,0
Lightning,1,0,0,0,1,Islanders,0,1,0,1,2,20101222,-1,0,0,1,3,1,2010,1,2,1004,0
Panthers,1,0,1,0,2,Penguins,3,1,1,0,5,20101222,2,3,3,3,7,3,2010,0,2,1013,0
Canucks,0,3,1,0,4,Red Wings,1,1,2,1,5,20101222,1,-1,0,1,9,1,2010,1,2,1967,0
Predators,0,0,1,0,1,Blackhawks,1,1,2,0,4,20101222,1,2,3,3,5,3,2010,0,2,395,0
Senators,1,1,0,0,2,Predators,0,1,0,0,1,20101223,1,1,1,1,3,-1,2010,0,3,845,0
Coyotes,0,1,0,0,1,Sharks,0,2,2,0,4,20101223,0,1,3,3,5,3,2010,0,3,614,0
Oilers,0,1,1,0,2,Kings,0,1,1,1,3,20101223,0,0,0,1,5,1,2010,1,3,1368,0
Wild,2,1,0,0,3,Avalanche,1,0,0,0,1,20101223,1,2,2,2,4,-2,2010,0,3,698,0
Flames,1,0,1,1,3,Stars,1,0,1,0,2,20101223,0,0,0,1,5,-1,2010,1,3,1536,0
Red Wings,1,2,0,0,3,Blues,3,1,0,0,4,20101223,2,1,1,1,7,1,2010,0,3,454,0
Panthers,3,0,1,0,4,Sabres,0,3,0,0,3,20101223,3,0,1,1,7,-1,2010,0,3,1184,0
Penguins,1,0,1,1,3,Capitals,0,1,1,0,2,20101223,1,0,0,1,5,-1,2010,1,3,190,0
Lightning,2,1,0,1,4,Rangers,2,0,1,0,3,20101223,0,1,0,1,7,-1,2010,1,3,1004,0
Islanders,3,1,1,0,5,Devils,0,1,0,0,1,20101223,3,3,4,4,6,-4,2010,0,3,8,0
Canadiens,0,3,0,0,3,Hurricanes,0,2,0,0,2,20101223,0,1,1,1,5,-1,2010,0,3,727,0
Jets,0,1,0,0,1,Bruins,1,2,1,0,4,20101223,1,2,3,3,5,3,2010,0,3,935,0
Canucks,3,3,1,0,7,Blue Jackets,0,1,2,0,3,20101223,3,5,4,4,10,-4,2010,0,3,2050,0
Red Wings,2,2,0,0,4,Wild,0,0,1,0,1,20101226,2,4,3,3,5,-3,2010,0,6,542,0
Oilers,0,2,0,0,2,Canucks,0,1,2,0,3,20101226,0,-1,1,1,5,1,2010,0,6,514,0
Coyotes,0,1,0,0,1,Stars,0,0,0,0,0,20101226,0,1,1,1,1,-1,2010,0,6,884,0
Penguins,0,0,1,0,1,Senators,2,1,0,0,3,20101226,2,3,2,2,4,2,2010,0,6,392,0
Lightning,1,1,0,1,3,Jets,0,1,1,0,2,20101226,1,1,0,1,5,-1,2010,1,6,416,0
Ducks,0,1,0,0,1,Kings,0,4,0,0,4,20101226,0,3,3,3,5,3,2010,0,6,0,0
Canadiens,0,0,1,0,1,Islanders,1,1,2,0,4,20101226,1,2,3,3,5,3,2010,0,6,343,0
Maple Leafs,1,2,1,0,4,Devils,0,0,1,0,1,20101226,1,3,3,3,5,-3,2010,0,6,333,0
Capitals,1,2,0,0,3,Hurricanes,0,1,1,0,2,20101226,1,2,1,1,5,-1,2010,0,6,233,0
Blue Jackets,0,0,1,0,1,Blackhawks,1,0,3,0,4,20101226,1,1,3,3,5,3,2010,0,6,275,0
Predators,0,0,0,0,0,Blues,0,1,1,0,2,20101226,0,1,2,2,2,2,2010,0,6,253,0
Islanders,2,0,0,0,2,Rangers,2,2,3,0,7,20101227,0,2,5,5,9,5,2010,0,0,0,0
Bruins,0,1,1,1,3,Panthers,0,2,0,0,2,20101227,0,-1,0,1,5,-1,2010,1,0,1257,0
Wild,1,1,1,0,3,Blue Jackets,0,1,2,1,4,20101227,-1,-1,0,1,7,1,2010,1,0,626,0
Sabres,1,0,1,0,2,Flames,0,2,3,0,5,20101227,-1,1,3,3,7,3,2010,0,0,1731,0
Red Wings,2,0,1,1,4,Avalanche,2,0,1,0,3,20101227,0,0,0,1,7,-1,2010,1,0,1154,0
Kings,0,0,4,0,4,Sharks,0,0,0,0,0,20101227,0,0,4,4,4,-4,2010,0,0,305,0
Ducks,3,0,0,0,3,Coyotes,0,1,0,0,1,20101228,3,2,2,2,4,-2,2010,0,1,356,0
Sabres,1,1,2,0,4,Oilers,1,0,1,0,2,20101228,0,1,2,2,6,-2,2010,0,1,1734,0
Stars,0,1,3,0,4,Predators,0,1,1,0,2,20101228,0,0,2,2,6,-2,2010,0,1,616,0
Blackhawks,1,0,0,0,1,Blues,0,1,2,0,3,20101228,-1,0,2,2,4,2,2010,0,1,260,0
Flyers,0,1,1,0,2,Canucks,1,3,2,0,6,20101228,1,3,4,4,8,4,2010,0,1,2404,0
Canadiens,0,0,0,0,0,Capitals,2,0,1,0,3,20101228,2,2,3,3,3,3,2010,0,1,495,0
Hurricanes,3,0,1,0,4,Maple Leafs,2,1,0,0,3,20101228,1,0,1,1,7,-1,2010,0,1,544,0
Jets,2,0,1,0,3,Penguins,2,1,3,0,6,20101228,0,1,3,3,9,3,2010,0,1,521,0
Bruins,1,1,2,0,4,Lightning,1,1,1,0,3,20101228,0,0,1,1,7,-1,2010,0,1,1183,0
Rangers,1,1,1,0,3,Devils,1,0,0,0,1,20101229,0,1,2,2,4,-2,2010,0,2,8,0
Penguins,0,1,0,0,1,Islanders,0,1,0,1,2,20101229,0,0,0,1,3,1,2010,1,2,314,0
Hurricanes,2,1,1,0,4,Senators,0,0,0,0,0,20101229,2,3,4,4,4,-4,2010,0,2,673,0
Sharks,1,2,0,0,3,Wild,1,1,3,0,5,20101229,0,-1,2,2,8,2,2010,0,2,1570,0
Red Wings,1,2,4,0,7,Stars,0,3,0,0,3,20101229,1,0,4,4,10,-4,2010,0,2,999,0
Kings,3,0,0,0,3,Coyotes,4,2,0,0,6,20101229,1,3,3,3,9,3,2010,0,2,356,0
Flyers,2,4,1,0,7,Kings,2,2,0,0,4,20101230,0,2,3,3,11,-3,2010,0,3,2388,0
Avalanche,3,0,0,1,4,Oilers,0,1,2,0,3,20101230,3,2,0,1,7,-1,2010,1,3,1036,0
Sharks,1,2,2,0,5,Blackhawks,1,2,0,0,3,20101230,0,0,2,2,8,-2,2010,0,3,1837,0
Bruins,1,1,0,0,2,Jets,1,1,0,1,3,20101230,0,0,0,1,5,1,2010,1,3,935,0
Blue Jackets,1,1,1,0,3,Maple Leafs,2,0,0,0,2,20101230,-1,0,1,1,5,-1,2010,0,3,313,0
Canadiens,1,0,0,0,1,Lightning,0,2,2,0,4,20101230,-1,1,3,3,5,3,2010,0,3,1311,0
Coyotes,0,0,3,0,3,Blues,1,2,1,0,4,20101231,1,3,1,1,7,1,2010,0,4,1270,0
Jets,0,0,1,0,1,Devils,1,1,1,0,3,20101231,1,2,2,2,4,2,2010,0,4,739,0
Canadiens,0,2,0,1,3,Panthers,0,2,0,0,2,20101231,0,0,0,1,5,-1,2010,1,4,1418,0
Islanders,2,1,0,1,4,Red Wings,1,1,1,0,3,20101231,1,1,0,1,7,-1,2010,1,4,480,0
Senators,0,1,2,0,3,Blue Jackets,1,2,0,1,4,20101231,1,2,0,1,7,1,2010,1,4,512,0
Canucks,2,2,0,0,4,Stars,0,0,1,0,1,20101231,2,4,3,3,5,-3,2010,0,4,1766,0
Flyers,0,1,1,0,2,Ducks,1,2,2,0,5,20101231,1,2,3,3,7,3,2010,0,4,2388,0
Avalanche,0,0,2,0,2,Flames,0,3,0,0,3,20101231,0,3,1,1,5,1,2010,0,4,898,0
Predators,1,1,2,0,4,Wild,0,0,1,0,1,20101231,1,2,3,3,5,-3,2010,0,4,696,0
Sharks,0,1,0,0,1,Kings,0,0,0,0,0,20110101,0,1,1,1,1,-1,2010,0,5,305,0
Flames,1,1,0,0,2,Oilers,0,1,0,0,1,20110101,1,1,1,1,3,-1,2010,0,5,171,0
Capitals,0,2,1,0,3,Penguins,0,1,0,0,1,20110101,0,1,2,2,4,-2,2010,0,5,190,0
Bruins,4,0,2,0,6,Sabres,3,2,1,1,7,20110101,-1,1,0,1,13,1,2010,1,5,399,0
Maple Leafs,3,2,0,0,5,Senators,0,1,0,0,1,20110101,3,4,4,4,6,-4,2010,0,5,203,0
Devils,1,1,1,0,3,Hurricanes,4,1,1,0,6,20110101,3,3,3,3,9,3,2010,0,5,419,0
Rangers,0,0,1,0,1,Lightning,1,0,0,1,2,20110101,1,1,0,1,3,1,2010,1,5,1004,0
Rangers,0,0,0,0,0,Panthers,0,1,2,0,3,20110102,0,1,3,3,3,3,2010,0,6,1091,0
Stars,1,0,3,0,4,Blues,2,0,0,0,2,20110102,-1,-1,2,2,6,-2,2010,0,6,547,0
Blue Jackets,1,0,0,0,1,Predators,0,3,1,0,4,20110102,-1,2,3,3,5,3,2010,0,6,333,0
Coyotes,1,0,4,0,5,Wild,1,2,2,1,6,20110102,0,2,0,1,11,1,2010,1,6,1278,0
Canucks,1,0,1,0,2,Avalanche,0,0,1,0,1,20110102,1,1,1,1,3,-1,2010,0,6,1105,0
Blackhawks,1,0,0,0,1,Ducks,1,1,0,0,2,20110102,0,1,1,1,3,1,2010,0,6,1741,0
Jets,1,2,0,1,4,Canadiens,1,1,1,0,3,20110102,0,1,0,1,7,-1,2010,1,6,992,0
Flyers,0,3,0,0,3,Red Wings,0,0,2,0,2,20110102,0,3,1,1,5,-1,2010,0,6,441,0
Canucks,1,2,1,0,4,Sharks,0,3,0,0,3,20110103,1,0,1,1,7,-1,2010,0,0,821,0
Blackhawks,1,1,2,0,4,Kings,1,1,1,0,3,20110103,0,0,1,1,7,-1,2010,0,0,1741,0
Bruins,0,2,0,0,2,Maple Leafs,1,0,0,0,1,20110103,-1,1,1,1,3,-1,2010,0,0,430,0
Panthers,1,1,1,1,4,Hurricanes,1,0,2,0,3,20110103,0,1,0,1,7,-1,2010,1,0,696,0
Islanders,3,1,1,0,5,Flames,1,1,0,0,2,20110103,2,2,3,3,7,-3,2010,0,0,2023,0
Wild,1,0,1,0,2,Devils,0,1,0,0,1,20110104,1,0,1,1,3,-1,2010,0,1,1007,0
Lightning,0,0,0,1,1,Capitals,0,0,0,0,0,20110104,0,0,0,1,1,-1,2010,1,1,818,0
Red Wings,1,2,2,0,5,Oilers,1,0,2,0,3,20110104,0,2,2,2,8,-2,2010,0,1,1592,0
Sabres,1,0,2,0,3,Avalanche,2,0,1,1,4,20110104,1,1,0,1,7,1,2010,1,1,1366,0
Blue Jackets,0,1,1,0,2,Coyotes,0,2,2,0,4,20110104,0,1,2,2,6,2,2010,0,1,1664,0
Predators,1,1,2,0,4,Ducks,0,0,1,0,1,20110105,1,2,3,3,5,-3,2010,0,2,1776,0
Flames,0,0,1,0,1,Canucks,2,1,0,0,3,20110105,2,3,2,2,4,2,2010,0,2,426,0
Stars,2,0,2,0,4,Blackhawks,0,2,0,0,2,20110105,2,0,2,2,6,-2,2010,0,2,802,0
Lightning,0,0,1,0,1,Penguins,5,2,1,0,8,20110105,5,7,7,7,9,7,2010,0,2,874,0
Hurricanes,0,0,1,0,1,Rangers,0,0,1,1,2,20110105,0,0,0,1,3,1,2010,1,2,423,0
Jets,2,1,0,0,3,Panthers,1,0,1,0,2,20110105,1,2,1,1,5,-1,2010,0,2,605,0
Wild,0,1,2,0,3,Bruins,0,1,0,0,1,20110106,0,0,2,2,4,-2,2010,0,3,1120,0
Flyers,0,2,2,0,4,Devils,1,1,0,0,2,20110106,-1,0,2,2,6,-2,2010,0,3,75,0
Blues,2,0,3,0,5,Maple Leafs,1,3,1,1,6,20110106,-1,2,0,1,11,1,2010,1,3,659,0
Penguins,1,0,0,0,1,Canadiens,0,1,0,1,2,20110106,-1,0,0,1,3,1,2010,1,3,474,0
Islanders,0,1,0,0,1,Oilers,2,0,0,0,2,20110106,2,1,1,1,3,1,2010,0,3,2024,0
Coyotes,1,0,1,0,2,Avalanche,0,0,0,0,0,20110106,1,1,2,2,2,-2,2010,0,3,585,0
Predators,0,3,2,0,5,Kings,0,2,0,0,2,20110106,0,1,3,3,7,-3,2010,0,3,1776,0
Sabres,2,1,0,0,3,Sharks,0,0,0,0,0,20110106,2,3,3,3,3,-3,2010,0,3,2279,0
Blue Jackets,0,0,0,0,0,Ducks,1,2,3,0,6,20110107,1,3,6,6,6,6,2010,0,4,1973,0
Oilers,0,1,0,0,1,Canucks,0,3,3,0,6,20110107,0,2,5,5,7,5,2010,0,4,514,0
Maple Leafs,2,6,1,0,9,Jets,1,0,2,0,3,20110107,1,7,6,6,12,-6,2010,0,4,733,0
Rangers,0,1,1,1,3,Stars,1,1,0,0,2,20110107,-1,-1,0,1,5,-1,2010,1,4,1370,0
Senators,0,1,1,0,2,Blackhawks,0,1,1,1,3,20110107,0,0,0,1,5,1,2010,1,4,628,0
Hurricanes,0,2,3,0,5,Panthers,2,0,1,0,3,20110107,-2,0,2,2,8,-2,2010,0,4,696,0
Red Wings,1,2,1,1,5,Flames,2,2,0,0,4,20110107,-1,-1,0,1,9,-1,2010,1,4,1573,0
Blue Jackets,0,1,3,0,4,Kings,3,1,2,0,6,20110108,3,3,2,2,10,2,2010,0,5,1973,0
Red Wings,0,0,1,1,2,Canucks,0,1,0,0,1,20110108,0,-1,0,1,3,-1,2010,1,5,1967,0
Sabres,0,1,0,1,2,Coyotes,0,1,0,0,1,20110108,0,0,0,1,3,-1,2010,1,5,1902,0
Rangers,0,2,0,0,2,Blues,0,1,0,0,1,20110108,0,1,1,1,3,-1,2010,0,5,871,0
Wild,2,0,2,0,4,Penguins,0,0,0,0,0,20110108,2,2,4,4,4,-4,2010,0,5,741,0
Panthers,1,0,1,0,2,Capitals,0,1,2,0,3,20110108,-1,0,1,1,5,1,2010,0,5,924,0
Predators,1,0,1,0,2,Sharks,0,1,0,0,1,20110108,1,0,1,1,3,-1,2010,0,5,1934,0
Devils,0,1,0,0,1,Flyers,2,0,0,0,2,20110108,2,1,1,1,3,1,2010,0,5,75,0
Bruins,0,2,0,0,2,Canadiens,0,0,2,1,3,20110108,0,-2,0,1,5,1,2010,1,5,270,0
Islanders,2,1,0,1,4,Avalanche,2,0,1,0,3,20110108,0,1,0,1,7,-1,2010,1,5,1627,0
Lightning,0,0,2,0,2,Senators,0,1,0,0,1,20110108,0,-1,1,1,3,-1,2010,0,5,1251,0
Jets,1,1,1,0,3,Hurricanes,1,2,0,1,4,20110109,0,1,0,1,7,1,2010,1,6,354,0
Lightning,2,0,1,0,3,Devils,1,0,5,0,6,20110109,-1,-1,3,3,9,3,2010,0,6,1000,0
Stars,2,0,2,0,4,Wild,0,0,0,0,0,20110109,2,2,4,4,4,-4,2010,0,6,863,0
Islanders,0,0,0,0,0,Blackhawks,1,4,0,0,5,20110109,1,5,5,5,5,5,2010,0,6,711,0
Sharks,0,0,0,0,0,Ducks,0,1,0,0,1,20110109,0,1,1,1,1,1,2010,0,6,305,0
Bruins,0,0,4,0,4,Penguins,0,2,0,0,2,20110110,0,-2,2,2,6,-2,2010,0,0,481,0
Coyotes,0,2,2,0,4,Blues,1,0,2,0,3,20110110,-1,1,1,1,7,-1,2010,0,0,1270,0
Red Wings,2,1,1,0,4,Avalanche,4,1,0,0,5,20110110,2,2,1,1,9,1,2010,0,0,1154,0
Maple Leafs,0,2,1,0,3,Kings,1,1,0,0,2,20110110,-1,0,1,1,5,-1,2010,0,0,2170,0
Maple Leafs,0,0,4,0,4,Sharks,1,0,1,0,2,20110111,-1,-1,2,2,6,-2,2010,0,1,2249,0
Wild,1,0,0,0,1,Predators,1,1,3,0,5,20110111,0,1,4,4,6,4,2010,0,1,696,0
Capitals,0,2,1,0,3,Panthers,2,1,0,1,4,20110111,2,1,0,1,7,1,2010,1,1,924,0
Oilers,0,0,2,0,2,Stars,1,1,1,0,3,20110111,1,2,1,1,5,1,2010,0,1,1655,0
Coyotes,0,2,2,0,4,Blue Jackets,2,1,0,0,3,20110111,-2,-1,1,1,7,-1,2010,0,1,1664,0
Canadiens,0,1,1,0,2,Rangers,1,0,0,0,1,20110111,-1,0,1,1,3,-1,2010,0,1,343,0
Canucks,1,1,1,1,4,Islanders,0,1,2,0,3,20110111,1,1,0,1,7,-1,2010,1,1,2429,0
Flames,2,1,2,0,5,Hurricanes,2,3,0,1,6,20110111,0,2,0,1,11,1,2010,1,1,2038,0
Senators,0,0,0,0,0,Bruins,2,3,1,0,6,20110111,2,5,6,6,6,6,2010,0,1,320,0
Flyers,1,1,3,0,5,Sabres,2,0,0,0,2,20110111,-1,0,3,3,7,-3,2010,0,1,279,0
Blues,0,2,2,0,4,Ducks,3,0,4,0,7,20110112,3,1,3,3,11,3,2010,0,2,1586,0
Penguins,1,2,2,0,5,Canadiens,1,1,0,0,2,20110112,0,1,3,3,7,-3,2010,0,2,474,0
Capitals,0,0,0,0,0,Lightning,2,1,0,0,3,20110112,2,3,3,3,3,3,2010,0,2,818,0
Avalanche,0,0,0,0,0,Blackhawks,2,1,1,0,4,20110112,2,3,4,4,4,4,2010,0,2,916,0
Flyers,1,2,2,0,5,Bruins,1,1,5,0,7,20110113,0,-1,2,2,12,2,2010,0,3,270,0
Hurricanes,0,1,1,0,2,Sabres,1,1,1,0,3,20110113,1,1,1,1,5,1,2010,0,3,491,0
Senators,2,4,0,0,6,Islanders,1,1,2,0,4,20110113,1,4,2,2,10,-2,2010,0,3,334,0
Predators,1,0,1,0,2,Panthers,1,0,2,0,3,20110113,0,0,1,1,5,1,2010,0,3,816,0
Maple Leafs,0,0,1,0,1,Coyotes,1,0,4,0,5,20110113,1,1,4,4,6,4,2010,0,3,1885,0
Blues,1,2,0,0,3,Kings,0,1,0,0,1,20110113,1,2,2,2,4,-2,2010,0,3,1586,0
Oilers,1,2,2,0,5,Sharks,0,0,2,0,2,20110113,1,3,3,3,7,-3,2010,0,3,1190,0
Canucks,0,0,0,0,0,Rangers,0,1,0,0,1,20110113,0,1,1,1,1,1,2010,0,3,2429,0
Canucks,1,2,1,0,4,Capitals,1,0,1,0,2,20110114,0,2,2,2,6,-2,2010,0,4,2359,0
Red Wings,0,2,0,0,2,Blue Jackets,2,0,0,1,3,20110114,2,0,0,1,5,1,2010,1,4,163,0
Flames,0,3,0,0,3,Senators,0,0,2,0,2,20110114,0,3,1,1,5,-1,2010,0,4,1773,0
Devils,4,0,1,0,5,Lightning,1,1,0,0,2,20110114,3,2,3,3,7,-3,2010,0,4,1000,0
Flyers,0,2,3,0,5,Jets,0,2,0,0,2,20110114,0,0,3,3,7,-3,2010,0,4,665,0
Avalanche,2,1,1,0,4,Wild,0,0,1,0,1,20110114,2,3,3,3,5,-3,2010,0,4,698,0
Penguins,1,1,1,0,3,Bruins,0,2,0,0,2,20110115,1,0,1,1,5,-1,2010,0,5,481,0
Lightning,2,1,1,0,4,Hurricanes,2,3,1,0,6,20110115,0,2,2,2,10,2,2010,0,5,585,0
Blue Jackets,2,1,2,0,5,Red Wings,2,2,1,1,6,20110115,0,1,0,1,11,1,2010,1,5,163,0
Blues,1,1,0,0,2,Sharks,1,1,2,0,4,20110115,0,0,2,2,6,2,2010,0,5,1719,0
Oilers,2,0,0,0,2,Kings,2,1,2,0,5,20110115,0,1,3,3,7,3,2010,0,5,1368,0
Blackhawks,1,1,0,0,2,Predators,0,0,2,1,3,20110115,-1,-2,0,1,5,1,2010,1,5,395,0
Rangers,1,0,1,0,2,Canadiens,3,0,0,0,3,20110115,2,2,1,1,5,1,2010,0,5,343,0
Jets,0,1,0,0,1,Stars,1,2,3,0,6,20110115,1,2,5,5,7,5,2010,0,5,719,0
Devils,1,0,1,0,2,Panthers,1,1,0,1,3,20110115,0,1,0,1,5,1,2010,1,5,1090,0
Flames,0,0,1,1,2,Maple Leafs,0,0,1,0,1,20110115,0,0,0,1,3,-1,2010,1,5,1682,0
Ducks,1,0,1,0,2,Coyotes,1,3,2,0,6,20110115,0,3,4,4,8,4,2010,0,5,356,0
Sabres,0,1,2,0,3,Islanders,0,4,1,0,5,20110115,0,3,2,2,8,2,2010,0,5,292,0
Senators,1,0,0,0,1,Capitals,0,0,3,0,3,20110116,-1,-1,2,2,4,2,2010,0,6,446,0
Canucks,0,0,0,0,0,Wild,0,2,2,0,4,20110116,0,2,4,4,4,4,2010,0,6,1427,0
Predators,2,0,1,0,3,Blackhawks,1,1,4,0,6,20110116,-1,0,3,3,9,3,2010,0,6,395,0
Flyers,2,1,0,0,3,Rangers,0,0,2,0,2,20110116,2,3,1,1,5,-1,2010,0,6,80,0
Oilers,0,2,0,0,2,Ducks,2,1,0,0,3,20110116,2,1,1,1,5,1,2010,0,6,1368,0
Kings,1,0,0,0,1,Stars,0,2,0,0,2,20110117,-1,1,1,1,3,1,2010,0,0,1237,0
Jets,0,0,2,1,3,Panthers,0,0,2,0,2,20110117,0,0,0,1,5,-1,2010,1,0,605,0
Devils,2,3,0,0,5,Islanders,0,2,0,0,2,20110117,2,3,3,3,7,-3,2010,0,0,8,0
Sharks,1,2,1,0,4,Coyotes,1,0,1,0,2,20110117,0,2,2,2,6,-2,2010,0,0,614,0
Hurricanes,0,0,0,0,0,Bruins,3,2,2,0,7,20110117,3,5,7,7,7,7,2010,0,0,609,0
Flames,0,2,2,0,4,Canadiens,2,2,0,1,5,20110117,2,2,0,1,9,1,2010,1,0,1852,0
Canucks,1,2,0,0,3,Avalanche,1,2,0,1,4,20110118,0,0,0,1,7,1,2010,1,1,1105,0
Wild,2,0,2,0,4,Oilers,0,0,1,0,1,20110118,2,2,3,3,5,-3,2010,0,1,1083,0
Predators,2,2,1,0,5,Coyotes,2,0,0,0,2,20110118,0,2,3,3,7,-3,2010,0,1,1442,0
Kings,0,1,0,0,1,Blues,1,0,1,0,2,20110118,1,0,1,1,3,1,2010,0,1,1586,0
Red Wings,0,1,0,0,1,Penguins,2,1,1,0,4,20110118,2,2,3,3,5,3,2010,0,1,205,0
Ducks,1,0,0,1,2,Senators,0,1,0,0,1,20110118,1,0,0,1,3,-1,2010,1,1,2345,0
Canadiens,1,0,0,0,1,Sabres,0,1,0,1,2,20110118,-1,0,0,1,3,1,2010,1,1,311,0
Capitals,0,0,2,0,2,Flyers,1,1,0,1,3,20110118,1,2,0,1,5,1,2010,1,1,123,0
Bruins,1,0,2,0,3,Hurricanes,1,0,1,0,2,20110118,0,0,1,1,5,-1,2010,0,1,609,0
Blue Jackets,1,1,0,0,2,Lightning,1,1,0,1,3,20110118,0,0,0,1,5,1,2010,1,1,830,0
Maple Leafs,0,0,0,0,0,Rangers,4,2,1,0,7,20110119,4,6,7,7,7,7,2010,0,2,341,0
Blue Jackets,1,0,1,1,3,Panthers,2,0,0,0,2,20110119,-1,-1,0,1,5,-1,2010,1,2,993,0
Wild,2,1,3,0,6,Flames,0,0,0,0,0,20110119,2,3,6,6,6,-6,2010,0,2,1043,0
Stars,1,2,1,0,4,Oilers,1,1,0,0,2,20110120,0,1,2,2,6,-2,2010,0,3,1655,0
Sharks,0,1,0,1,2,Canucks,1,0,0,0,1,20110120,-1,0,0,1,3,-1,2010,1,3,821,0
Predators,2,0,3,0,5,Avalanche,0,0,1,0,1,20110120,2,2,4,4,6,-4,2010,0,3,1019,0
Red Wings,1,2,0,1,4,Blues,0,1,2,0,3,20110120,1,2,0,1,7,-1,2010,1,3,454,0
Coyotes,0,2,0,0,2,Kings,0,0,0,0,0,20110120,0,2,2,2,2,-2,2010,0,3,356,0
Ducks,1,1,0,0,2,Maple Leafs,1,2,2,0,5,20110120,0,1,3,3,7,3,2010,0,3,2170,0
Senators,0,2,0,0,2,Flyers,2,1,3,0,6,20110120,2,1,4,4,8,4,2010,0,3,373,0
Capitals,1,1,0,0,2,Islanders,0,1,0,0,1,20110120,1,1,1,1,3,-1,2010,0,3,204,0
Penguins,0,0,0,0,0,Devils,2,0,0,0,2,20110120,2,2,2,2,2,2,2010,0,3,306,0
Rangers,0,0,1,0,1,Hurricanes,2,1,1,0,4,20110120,2,3,3,3,5,3,2010,0,3,423,0
Lightning,1,0,1,1,3,Jets,1,1,0,0,2,20110120,0,-1,0,1,5,-1,2010,1,3,416,0
Sabres,0,2,2,0,4,Bruins,1,1,0,0,2,20110120,-1,0,2,2,6,-2,2010,0,3,399,0
Stars,2,1,1,0,4,Flames,2,3,2,0,7,20110121,0,2,3,3,11,3,2010,0,4,1536,0
Lightning,1,0,0,1,2,Panthers,1,0,0,0,1,20110121,0,0,0,1,3,-1,2010,1,4,205,0
Canadiens,2,3,2,0,7,Senators,1,0,0,0,1,20110121,1,4,6,6,8,-6,2010,0,4,104,0
Islanders,2,1,2,0,5,Sabres,0,0,2,0,2,20110121,2,3,3,3,7,-3,2010,0,4,292,0
Devils,2,0,1,0,3,Flyers,0,1,0,0,1,20110122,2,1,2,2,4,-2,2010,0,5,75,0
Blackhawks,1,2,1,0,4,Red Wings,1,0,0,0,1,20110122,0,2,3,3,5,-3,2010,0,5,238,0
Bruins,2,2,2,0,6,Avalanche,1,0,1,0,2,20110122,1,3,4,4,8,-4,2010,0,5,1765,0
Ducks,1,2,0,1,4,Canadiens,0,1,2,0,3,20110122,1,2,0,1,7,-1,2010,1,5,2448,0
Hurricanes,0,0,2,0,2,Penguins,0,1,2,0,3,20110122,0,1,1,1,5,1,2010,0,5,330,0
Capitals,1,0,3,0,4,Maple Leafs,0,0,1,0,1,20110122,1,1,3,3,5,-3,2010,0,5,349,0
Rangers,0,1,1,1,3,Jets,1,1,0,0,2,20110122,-1,-1,0,1,5,-1,2010,1,5,745,0
Blue Jackets,1,1,3,0,5,Blues,2,0,0,0,2,20110122,-1,0,3,3,7,-3,2010,0,5,395,0
Kings,3,0,1,0,4,Coyotes,1,2,0,0,3,20110122,2,0,1,1,7,-1,2010,0,5,356,0
Flames,2,0,1,1,4,Canucks,1,1,1,0,3,20110122,1,0,0,1,7,-1,2010,1,5,426,0
Wild,1,1,1,0,3,Sharks,1,2,1,0,4,20110122,0,1,1,1,7,1,2010,0,5,1570,0
Jets,0,0,1,0,1,Lightning,0,5,2,0,7,20110123,0,5,6,6,8,6,2010,0,6,416,0
Predators,1,0,1,1,3,Oilers,0,0,2,0,2,20110123,1,1,0,1,5,-1,2010,1,6,1758,0
Panthers,0,1,1,0,2,Devils,2,2,1,0,5,20110123,2,3,3,3,7,3,2010,0,6,1090,0
Sabres,1,1,3,0,5,Islanders,0,2,1,0,3,20110123,1,0,2,2,8,-2,2010,0,6,292,0
Flyers,0,1,3,0,4,Blackhawks,0,0,1,0,1,20110123,0,1,3,3,5,-3,2010,0,6,664,0
Bruins,0,0,0,0,0,Kings,1,0,1,0,2,20110124,1,1,2,2,2,2,2010,0,0,2590,0
Stars,1,0,0,0,1,Canucks,3,2,2,0,7,20110124,2,4,6,6,8,6,2010,0,0,1766,0
Predators,0,1,0,0,1,Flames,1,1,1,0,3,20110124,1,1,2,2,4,2,2010,0,0,1692,0
Rangers,0,0,1,1,2,Capitals,0,1,0,0,1,20110124,0,-1,0,1,3,-1,2010,1,0,204,0
Blues,0,2,1,0,3,Avalanche,0,2,2,0,4,20110124,0,0,1,1,7,1,2010,0,0,794,0
Maple Leafs,1,0,3,0,4,Hurricanes,1,1,4,0,6,20110124,0,1,2,2,10,2,2010,0,0,544,0
Oilers,0,1,3,0,4,Coyotes,1,1,1,0,3,20110125,-1,-1,1,1,7,-1,2010,0,1,1392,0
Wild,1,2,1,0,4,Blackhawks,2,0,0,0,2,20110125,-1,1,2,2,6,-2,2010,0,1,355,0
Maple Leafs,0,0,0,0,0,Lightning,2,0,0,0,2,20110125,2,2,2,2,2,2,2010,0,1,1096,0
Sabres,2,0,0,1,3,Senators,1,0,1,0,2,20110125,1,1,0,1,5,-1,2010,1,1,219,0
Ducks,2,0,1,0,3,Blue Jackets,1,0,1,0,2,20110125,1,1,1,1,5,-1,2010,0,1,1973,0
Islanders,0,0,0,0,0,Penguins,0,0,1,0,1,20110125,0,0,1,1,1,1,2010,0,1,314,0
Panthers,1,2,1,0,4,Rangers,0,1,2,0,3,20110125,1,2,1,1,7,-1,2010,0,1,1091,0
Canadiens,0,1,1,0,2,Flyers,2,2,1,0,5,20110125,2,3,3,3,7,3,2010,0,1,400,0
Hurricanes,1,2,1,0,4,Islanders,0,1,1,0,2,20110126,1,2,2,2,6,-2,2010,0,2,423,0
Capitals,0,0,0,0,0,Jets,0,1,0,0,1,20110126,0,1,1,1,1,1,2010,0,2,541,0
Devils,1,0,0,0,1,Red Wings,1,0,2,0,3,20110126,0,0,2,2,4,2,2010,0,2,471,0
Oilers,0,1,0,0,1,Stars,1,2,0,0,3,20110126,1,2,2,2,4,2,2010,0,2,1655,0
Coyotes,2,1,2,0,5,Avalanche,1,0,1,0,2,20110126,1,2,3,3,7,-3,2010,0,2,585,0
Blues,0,0,1,0,1,Flames,1,2,1,0,4,20110126,1,3,3,3,5,3,2010,0,2,1440,0
Predators,0,0,1,0,1,Canucks,0,0,2,0,2,20110126,0,0,1,1,3,1,2010,0,2,2030,0
Sharks,0,2,0,0,2,Kings,0,1,1,1,3,20110126,0,-1,0,1,5,1,2010,1,2,305,0
Panthers,0,0,1,0,1,Bruins,1,1,0,0,2,20110126,1,2,1,1,3,1,2010,0,2,1257,0
Blackhawks,2,3,2,0,7,Blue Jackets,1,2,1,0,4,20110201,1,2,3,3,11,-3,2010,0,1,275,0
Kings,0,0,0,0,0,Wild,0,0,0,1,1,20110201,0,0,0,1,1,1,2010,1,1,1521,0
Canucks,0,3,1,0,4,Stars,0,1,0,0,1,20110201,0,2,3,3,5,-3,2010,0,1,1766,0
Coyotes,2,1,0,0,3,Sharks,0,1,4,0,5,20110201,-2,-2,2,2,8,2,2010,0,1,614,0
Flames,0,0,2,1,3,Predators,1,0,1,0,2,20110201,-1,-1,0,1,5,-1,2010,1,1,1692,0
Canadiens,0,2,0,1,3,Capitals,2,0,0,0,2,20110201,-2,0,0,1,5,-1,2010,1,1,495,0
Penguins,0,3,0,1,4,Rangers,1,2,0,0,3,20110201,-1,0,0,1,7,-1,2010,1,1,314,0
Bruins,0,1,2,0,3,Hurricanes,0,1,1,0,2,20110201,0,0,1,1,5,-1,2010,0,1,609,0
Senators,0,1,0,0,1,Devils,0,1,1,0,2,20110201,0,0,1,1,3,1,2010,0,1,330,0
Panthers,1,1,1,0,3,Maple Leafs,2,1,0,1,4,20110201,1,1,0,1,7,1,2010,1,1,1234,0
Islanders,0,3,1,0,4,Jets,1,0,0,0,1,20110201,-1,2,3,3,5,-3,2010,0,1,745,0
Flyers,0,0,0,0,0,Lightning,3,0,1,0,4,20110201,3,3,4,4,4,4,2010,0,1,928,0
Sharks,3,1,0,0,4,Ducks,0,2,1,0,3,20110202,3,2,1,1,7,-1,2010,0,2,305,0
Kings,0,2,1,0,3,Oilers,0,1,0,0,1,20110202,0,1,2,2,4,-2,2010,0,2,1368,0
Canucks,1,2,3,0,6,Coyotes,0,0,0,0,0,20110202,1,3,6,6,6,-6,2010,0,2,1228,0
Islanders,0,0,0,0,0,Penguins,2,0,1,0,3,20110202,2,2,3,3,3,3,2010,0,2,314,0
Red Wings,2,2,3,0,7,Senators,3,1,1,0,5,20110202,-1,0,2,2,12,-2,2010,0,2,406,0
Panthers,1,0,1,0,2,Canadiens,0,1,2,0,3,20110202,-1,0,1,1,5,1,2010,0,2,1418,0
Stars,0,1,2,0,3,Bruins,4,0,2,0,6,20110203,4,3,3,3,9,3,2010,0,3,1548,0
Devils,1,2,0,0,3,Rangers,0,1,1,0,2,20110203,1,2,1,1,5,-1,2010,0,3,8,0
Predators,1,0,1,0,2,Flyers,1,0,2,0,3,20110203,0,0,1,1,5,1,2010,0,3,683,0
Hurricanes,0,0,0,0,0,Maple Leafs,0,2,1,0,3,20110203,0,2,3,3,3,3,2010,0,3,544,0
Flames,1,1,2,0,4,Jets,0,2,0,0,2,20110203,1,0,2,2,6,-2,2010,0,3,1907,0
Wild,2,1,1,0,4,Avalanche,0,1,2,0,3,20110203,2,2,1,1,7,-1,2010,0,3,698,0
Oilers,1,2,0,0,3,Blues,2,2,1,0,5,20110204,1,1,2,2,8,2,2010,0,4,1508,0
Capitals,1,2,2,0,5,Lightning,1,1,0,0,2,20110204,0,1,3,3,7,-3,2010,0,4,818,0
Blackhawks,0,2,1,0,3,Canucks,1,1,2,0,4,20110204,1,0,1,1,7,1,2010,0,4,1775,0
Sabres,2,0,0,0,2,Penguins,0,3,0,0,3,20110204,-2,1,1,1,5,1,2010,0,4,178,0
Panthers,2,0,1,1,4,Devils,2,1,0,0,3,20110204,0,-1,0,1,7,-1,2010,1,4,1090,0
Blue Jackets,1,1,1,0,3,Red Wings,0,0,0,0,0,20110204,1,2,3,3,3,-3,2010,0,4,163,0
Kings,2,1,0,1,4,Flames,1,1,1,0,3,20110205,1,1,0,1,7,-1,2010,1,5,1197,0
Wild,0,0,0,0,0,Coyotes,0,0,1,0,1,20110205,0,0,1,1,1,1,2010,0,5,1278,0
Oilers,2,0,1,0,3,Blue Jackets,1,1,2,0,4,20110205,-1,0,1,1,7,1,2010,0,5,1703,0
Stars,0,1,0,0,1,Flyers,1,1,1,0,3,20110205,1,1,2,2,4,2,2010,0,5,1297,0
Senators,3,0,0,0,3,Islanders,3,0,2,0,5,20110205,0,0,2,2,8,2,2010,0,5,334,0
Red Wings,0,0,0,0,0,Predators,1,1,1,0,3,20110205,1,2,3,3,3,3,2010,0,5,470,0
Maple Leafs,0,1,1,0,2,Sabres,2,3,1,0,6,20110205,2,4,4,4,8,4,2010,0,5,57,0
Ducks,1,0,2,0,3,Avalanche,0,0,0,0,0,20110205,1,1,3,3,3,-3,2010,0,5,830,0
Rangers,0,0,0,0,0,Canadiens,0,1,1,0,2,20110205,0,1,2,2,2,2,2010,0,5,343,0
Sharks,1,0,1,0,2,Bruins,0,0,0,0,0,20110205,1,1,2,2,2,-2,2010,0,5,2678,0
Jets,1,0,2,0,3,Hurricanes,0,1,2,1,4,20110205,-1,0,0,1,7,1,2010,1,5,354,0
Penguins,0,0,0,0,0,Capitals,1,1,1,0,3,20110206,1,2,3,3,3,3,2010,0,6,190,0
Devils,2,1,1,0,4,Canadiens,0,1,0,0,1,20110206,2,2,3,3,5,-3,2010,0,6,342,0
Blues,0,3,0,0,3,Lightning,1,2,0,1,4,20110206,1,0,0,1,7,1,2010,1,6,861,0
Jets,2,1,1,0,4,Maple Leafs,0,3,2,0,5,20110207,-2,0,1,1,9,1,2010,0,0,733,0
Rangers,0,0,2,0,2,Red Wings,0,1,2,0,3,20110207,0,1,1,1,5,1,2010,0,0,480,0
Oilers,1,1,2,0,4,Predators,0,0,0,0,0,20110207,1,2,4,4,4,-4,2010,0,0,1758,0
Blackhawks,0,1,0,0,1,Flames,1,0,2,0,3,20110207,1,0,2,2,4,2,2010,0,0,1397,0
Avalanche,0,0,0,0,0,Coyotes,1,1,1,0,3,20110207,1,2,3,3,3,3,2010,0,0,585,0
Senators,0,2,0,0,2,Canucks,2,1,1,0,4,20110207,2,1,2,2,6,2,2010,0,0,2191,0
Blues,0,1,1,0,2,Panthers,1,0,0,0,1,20110208,-1,0,1,1,3,-1,2010,0,1,1061,0
Sharks,0,0,2,0,2,Capitals,0,0,0,0,0,20110208,0,0,2,2,2,-2,2010,0,1,2416,0
Sabres,1,1,5,0,7,Lightning,1,2,1,0,4,20110208,0,-1,3,3,11,-3,2010,0,1,1051,0
Maple Leafs,2,0,3,0,5,Islanders,1,1,1,0,3,20110208,1,0,2,2,8,-2,2010,0,1,341,0
Blue Jackets,1,2,1,0,4,Penguins,0,0,1,0,1,20110208,1,3,3,3,5,-3,2010,0,1,161,0
Hurricanes,0,1,1,0,2,Devils,0,1,1,1,3,20110208,0,0,0,1,5,1,2010,1,1,419,0
Ducks,1,2,1,0,4,Canucks,0,1,2,0,3,20110209,1,2,1,1,7,-1,2010,0,2,1076,0
Senators,2,0,0,0,2,Flames,1,2,2,0,5,20110209,-1,1,3,3,7,3,2010,0,2,1773,0
Coyotes,1,0,1,1,3,Stars,1,1,0,0,2,20110209,0,-1,0,1,5,-1,2010,1,2,884,0
Blackhawks,1,1,2,0,4,Oilers,0,0,1,0,1,20110209,1,2,3,3,5,-3,2010,0,2,1437,0
Predators,2,2,0,0,4,Red Wings,0,1,0,0,1,20110209,2,3,3,3,5,-3,2010,0,2,470,0
Sharks,0,2,1,0,3,Blue Jackets,2,0,0,0,2,20110209,-2,0,1,1,5,-1,2010,0,2,2090,0
Canadiens,0,4,2,0,6,Bruins,2,4,2,0,8,20110209,2,2,2,2,14,2,2010,0,2,270,0
Avalanche,1,0,1,0,2,Wild,2,1,0,0,3,20110209,1,2,1,1,5,1,2010,0,2,698,0
Hurricanes,0,0,1,0,1,Flyers,0,0,2,0,2,20110210,0,0,1,1,3,1,2010,0,3,345,0
Kings,1,0,0,0,1,Penguins,1,0,0,1,2,20110210,0,0,0,1,3,1,2010,1,3,2132,0
Devils,0,0,1,1,2,Maple Leafs,0,1,0,0,1,20110210,0,-1,0,1,3,-1,2010,1,3,333,0
Islanders,1,1,1,1,4,Canadiens,1,2,0,0,3,20110210,0,-1,0,1,7,-1,2010,1,3,343,0
Sabres,0,1,1,1,3,Panthers,0,1,1,0,2,20110210,0,0,0,1,5,-1,2010,1,3,1184,0
Wild,1,1,2,1,5,Blues,2,0,2,0,4,20110211,-1,0,0,1,9,-1,2010,1,4,466,0
Ducks,1,2,1,1,5,Flames,0,2,2,0,4,20110211,1,1,0,1,9,-1,2010,1,4,1197,0
Rangers,0,1,1,0,2,Jets,1,0,2,0,3,20110211,1,0,1,1,5,1,2010,0,4,745,0
Blackhawks,3,0,0,0,3,Stars,0,2,1,1,4,20110211,-3,-1,0,1,7,1,2010,1,4,802,0
Penguins,0,2,1,0,3,Islanders,4,4,1,0,9,20110211,4,6,6,6,12,6,2010,0,4,314,0
Sharks,0,0,1,0,1,Devils,0,0,2,0,2,20110211,0,0,1,1,3,1,2010,0,4,2540,0
Red Wings,2,3,1,0,6,Bruins,1,0,0,0,1,20110211,1,4,5,5,7,-5,2010,0,4,611,0
Avalanche,1,0,0,0,1,Blue Jackets,0,2,1,0,3,20110211,-1,1,2,2,4,2,2010,0,4,1163,0
Kings,0,1,3,0,4,Capitals,1,0,0,0,1,20110212,-1,0,3,3,5,-3,2010,0,5,2294,0
Senators,2,0,3,0,5,Oilers,1,1,1,0,3,20110212,1,0,2,2,8,-2,2010,0,5,1754,0
Maple Leafs,0,0,0,0,0,Canadiens,0,2,1,0,3,20110212,0,2,3,3,3,3,2010,0,5,303,0
Hurricanes,0,1,2,0,3,Lightning,0,2,1,1,4,20110212,0,1,0,1,7,1,2010,1,5,585,0
Blackhawks,0,1,1,0,2,Coyotes,1,1,0,1,3,20110212,1,1,0,1,5,1,2010,1,5,1450,0
Avalanche,1,1,1,0,3,Predators,1,1,3,0,5,20110212,0,0,2,2,8,2,2010,0,5,1019,0
Blues,0,1,0,0,1,Wild,1,2,0,0,3,20110212,1,2,2,2,4,2,2010,0,5,466,0
Flames,0,2,0,0,2,Canucks,1,2,1,0,4,20110212,1,1,2,2,6,2,2010,0,5,426,0
Ducks,1,2,1,0,4,Oilers,0,0,0,0,0,20110213,1,3,4,4,4,-4,2010,0,6,1368,0
Hurricanes,1,1,1,0,3,Jets,0,1,1,0,2,20110213,1,1,1,1,5,-1,2010,0,6,354,0
Sharks,1,0,1,0,2,Panthers,0,1,2,0,3,20110213,-1,0,1,1,5,1,2010,0,6,2558,0
Kings,0,1,0,0,1,Flyers,0,0,0,0,0,20110213,0,1,1,1,1,-1,2010,0,6,2388,0
Bruins,2,0,0,0,2,Red Wings,1,2,1,0,4,20110213,-1,1,2,2,6,2,2010,0,6,611,0
Blue Jackets,1,1,0,0,2,Stars,1,0,0,0,1,20110213,0,1,1,1,3,-1,2010,0,6,912,0
Islanders,2,1,3,1,7,Sabres,3,1,2,0,6,20110213,-1,-1,0,1,13,-1,2010,1,6,292,0
Penguins,2,0,1,0,3,Rangers,2,3,0,0,5,20110213,0,3,2,2,8,2,2010,0,6,314,0
Canucks,1,0,1,0,2,Blues,2,1,0,0,3,20110214,1,2,1,1,5,1,2010,0,0,1778,0
Capitals,0,1,1,0,2,Coyotes,0,2,1,0,3,20110214,0,1,1,1,5,1,2010,0,0,1977,0
Flames,5,0,4,0,9,Avalanche,0,1,0,0,1,20110214,5,4,8,8,10,-8,2010,0,0,898,0
Canucks,1,2,1,0,4,Wild,1,0,0,0,1,20110215,0,2,3,3,5,-3,2010,0,1,1427,0
Stars,0,1,0,0,1,Oilers,1,2,1,0,4,20110215,1,2,3,3,5,3,2010,0,1,1655,0
Sharks,0,1,0,1,2,Predators,1,0,0,0,1,20110215,-1,0,0,1,3,-1,2010,1,1,1934,0
Flyers,1,2,0,1,4,Lightning,0,3,0,0,3,20110215,1,0,0,1,7,-1,2010,1,1,928,0
Islanders,0,1,2,1,4,Senators,1,1,1,0,3,20110215,-1,-1,0,1,7,-1,2010,1,1,334,0
Sabres,0,1,1,1,3,Canadiens,1,1,0,0,2,20110215,-1,-1,0,1,5,-1,2010,1,1,311,0
Maple Leafs,1,1,2,0,4,Bruins,1,1,1,0,3,20110215,0,0,1,1,7,-1,2010,0,1,430,0
Stars,0,2,0,0,2,Flames,1,1,2,0,4,20110216,1,0,2,2,6,2,2010,0,2,1536,0
Penguins,1,1,0,1,3,Avalanche,0,2,0,0,2,20110216,1,0,0,1,5,-1,2010,1,2,1317,0
Wild,0,0,1,0,1,Blackhawks,1,0,2,0,3,20110216,1,1,2,2,4,2,2010,0,2,355,0
Capitals,2,2,3,0,7,Ducks,3,2,1,0,6,20110216,-1,-1,1,1,13,-1,2010,0,2,2294,0
Kings,1,1,1,1,4,Blue Jackets,1,1,1,0,3,20110216,0,0,0,1,7,-1,2010,1,2,1973,0
Hurricanes,0,0,2,0,2,Devils,0,1,2,0,3,20110216,0,1,1,1,5,1,2010,0,2,419,0
Maple Leafs,0,1,1,0,2,Sabres,0,0,1,0,1,20110216,0,1,1,1,3,-1,2010,0,2,57,0
Flyers,2,1,1,0,4,Panthers,0,0,2,0,2,20110216,2,3,2,2,6,-2,2010,0,2,1021,0
Bruins,3,3,0,0,6,Islanders,0,2,1,0,3,20110217,3,4,3,3,9,-3,2010,0,3,190,0
Kings,1,0,2,0,3,Rangers,0,1,2,1,4,20110217,-1,0,0,1,7,1,2010,1,3,2445,0
Red Wings,2,2,2,0,6,Lightning,0,2,0,0,2,20110217,2,2,4,4,8,-4,2010,0,3,994,0
Canucks,0,1,0,0,1,Predators,0,3,0,0,3,20110217,0,2,2,2,4,2,2010,0,3,2030,0
Canadiens,0,1,0,0,1,Oilers,1,0,3,0,4,20110217,1,0,3,3,5,3,2010,0,3,1826,0
Jets,1,2,0,0,3,Coyotes,2,2,0,0,4,20110217,1,1,1,1,7,1,2010,0,3,1588,0
Capitals,1,0,1,0,2,Sharks,1,0,2,0,3,20110217,0,0,1,1,5,1,2010,0,3,2416,0
Ducks,1,0,0,0,1,Wild,2,2,1,0,5,20110218,1,3,4,4,6,4,2010,0,4,1521,0
Blue Jackets,1,3,0,0,4,Blackhawks,2,1,0,0,3,20110218,-1,1,1,1,7,-1,2010,0,4,275,0
Red Wings,2,1,1,0,4,Panthers,1,1,1,0,3,20110218,1,1,1,1,7,-1,2010,0,4,1155,0
Flyers,0,1,1,0,2,Hurricanes,2,0,1,0,3,20110218,2,1,1,1,5,1,2010,0,4,345,0
Blues,0,2,1,0,3,Sabres,0,0,0,0,0,20110218,0,2,3,3,3,-3,2010,0,4,660,0
Rangers,0,0,0,0,0,Devils,0,1,0,0,1,20110218,0,1,1,1,1,1,2010,0,4,8,0
Bruins,0,1,3,0,4,Senators,0,1,1,0,2,20110218,0,0,2,2,6,-2,2010,0,4,320,0
Avalanche,0,0,0,0,0,Sharks,3,0,1,0,4,20110219,3,3,4,4,4,4,2010,0,5,927,0
Coyotes,0,2,1,0,3,Predators,0,1,1,0,2,20110219,0,1,1,1,5,-1,2010,0,5,1442,0
Ducks,3,0,0,0,3,Blues,4,4,1,0,9,20110219,1,5,6,6,12,6,2010,0,5,1586,0
Panthers,0,1,1,1,3,Lightning,1,0,1,0,2,20110219,-1,0,0,1,5,-1,2010,1,5,205,0
Stars,1,0,1,0,2,Canucks,1,1,3,0,5,20110219,0,1,3,3,7,3,2010,0,5,1766,0
Kings,0,0,0,0,0,Islanders,1,1,1,0,3,20110219,1,2,3,3,3,3,2010,0,5,2445,0
Devils,3,0,1,0,4,Hurricanes,0,0,1,0,1,20110219,3,3,3,3,5,-3,2010,0,5,419,0
Jets,1,1,1,0,3,Oilers,0,1,4,0,5,20110219,-1,-1,2,2,8,2,2010,0,5,1973,0
Senators,0,0,0,1,1,Maple Leafs,0,0,0,0,0,20110219,0,0,0,1,1,-1,2010,1,5,203,0
Capitals,0,1,1,0,2,Sabres,0,1,0,0,1,20110220,0,0,1,1,3,-1,2010,0,6,292,0
Flyers,1,2,1,0,4,Rangers,1,0,1,0,2,20110220,0,2,2,2,6,-2,2010,0,6,80,0
Red Wings,0,0,1,1,2,Wild,0,0,1,0,1,20110220,0,0,0,1,3,-1,2010,1,6,542,0
Penguins,0,1,1,0,2,Blackhawks,1,0,1,1,3,20110220,1,0,0,1,5,1,2010,1,6,409,0
Canadiens,0,0,0,0,0,Flames,1,2,1,0,4,20110220,1,3,4,4,4,4,2010,0,6,1852,0
Capitals,0,1,0,0,1,Penguins,0,0,0,0,0,20110221,0,1,1,1,1,-1,2010,0,0,190,0
Panthers,0,0,1,0,1,Islanders,2,2,1,0,5,20110221,2,4,4,4,6,4,2010,0,0,1091,0
Blackhawks,0,4,1,0,5,Blues,2,0,1,0,3,20110221,-2,2,2,2,8,-2,2010,0,0,260,0
Devils,0,0,1,0,1,Stars,0,0,0,0,0,20110222,0,0,1,1,1,-1,2010,0,1,1362,0
Oilers,0,1,0,0,1,Wild,0,1,3,0,4,20110222,0,0,3,3,5,3,2010,0,1,1083,0
Canadiens,2,1,0,0,3,Canucks,0,1,1,0,2,20110222,2,2,1,1,5,-1,2010,0,1,2273,0
Avalanche,2,0,2,0,4,Blues,1,1,1,0,3,20110222,1,0,1,1,7,-1,2010,0,1,794,0
Bruins,1,0,2,0,3,Flames,0,0,1,0,1,20110222,1,1,2,2,4,-2,2010,0,1,2089,0
Predators,0,0,0,0,0,Blue Jackets,0,0,4,0,4,20110222,0,0,4,4,4,4,2010,0,1,333,0
Islanders,0,1,0,0,1,Maple Leafs,1,0,1,0,2,20110222,1,0,1,1,3,1,2010,0,1,341,0
Coyotes,0,0,2,1,3,Flyers,1,0,1,0,2,20110222,-1,-1,0,1,5,-1,2010,1,1,2078,0
Sharks,1,2,1,0,4,Red Wings,0,2,1,0,3,20110222,1,1,1,1,7,-1,2010,0,1,2071,0
Rangers,1,1,0,2,4,Hurricanes,1,0,2,0,3,20110222,0,1,-1,1,7,-1,2010,1,1,423,0
Jets,0,1,0,0,1,Sabres,1,2,1,0,4,20110223,1,2,3,3,5,3,2010,0,2,698,0
Panthers,0,1,0,0,1,Senators,1,2,2,0,5,20110223,1,2,4,4,6,4,2010,0,2,1370,0
Sharks,0,1,1,1,3,Penguins,1,0,1,0,2,20110223,-1,0,0,1,5,-1,2010,1,2,2242,0
Coyotes,0,1,2,0,3,Lightning,5,2,1,0,8,20110223,5,6,5,5,11,5,2010,0,2,1793,0
Oilers,1,2,2,0,5,Avalanche,0,1,0,0,1,20110223,1,2,4,4,6,-4,2010,0,2,1036,0
Kings,2,0,1,0,3,Ducks,1,1,0,0,2,20110223,1,0,1,1,5,-1,2010,0,2,0,0
Wild,0,2,0,0,2,Kings,1,1,2,0,4,20110224,1,0,2,2,6,2,2010,0,3,1521,0
Blues,0,2,0,0,2,Canucks,2,0,1,0,3,20110224,2,0,1,1,5,1,2010,0,3,1778,0
Blackhawks,1,0,2,0,3,Predators,0,0,0,0,0,20110224,1,1,3,3,3,-3,2010,0,3,395,0
Stars,2,1,1,0,4,Red Wings,0,0,1,0,1,20110224,2,3,3,3,5,-3,2010,0,3,999,0
Islanders,1,0,2,0,3,Flyers,0,2,1,1,4,20110224,-1,1,0,1,7,1,2010,1,3,80,0
Maple Leafs,3,1,1,0,5,Canadiens,1,2,1,0,4,20110224,2,1,1,1,9,-1,2010,0,3,303,0
Penguins,0,1,0,0,1,Hurricanes,2,1,1,0,4,20110225,2,2,3,3,5,3,2010,0,4,330,0
Rangers,2,2,2,0,6,Capitals,0,0,0,0,0,20110225,2,4,6,6,6,-6,2010,0,4,204,0
Coyotes,2,0,1,0,3,Blue Jackets,2,2,1,0,5,20110225,0,2,2,2,8,2,2010,0,4,1664,0
Senators,0,1,1,0,2,Sabres,1,1,2,0,4,20110225,1,1,2,2,6,2,2010,0,4,219,0
Devils,0,0,1,0,1,Lightning,0,2,0,0,2,20110225,0,2,1,1,3,1,2010,0,4,1000,0
Panthers,1,0,0,1,2,Jets,0,1,0,0,1,20110225,1,0,0,1,3,-1,2010,1,4,605,0
Sharks,1,1,1,1,4,Flames,1,2,0,0,3,20110225,0,-1,0,1,7,-1,2010,1,4,1027,0
Blues,2,1,2,0,5,Oilers,0,0,0,0,0,20110225,2,3,5,5,5,-5,2010,0,4,1508,0
Wild,1,0,1,1,3,Ducks,0,1,1,0,2,20110225,1,0,0,1,5,-1,2010,1,4,1521,0
Flyers,1,0,0,0,1,Senators,0,2,2,0,4,20110226,-1,1,3,3,5,3,2010,0,5,373,0
Bruins,0,1,2,0,3,Canucks,1,0,0,0,1,20110226,-1,0,2,2,4,-2,2010,0,5,2504,0
Penguins,1,2,2,1,6,Maple Leafs,1,1,3,0,5,20110226,0,1,0,1,11,-1,2010,1,5,222,0
Capitals,0,1,2,0,3,Islanders,1,1,0,0,2,20110226,-1,-1,1,1,5,-1,2010,0,5,204,0
Predators,0,2,0,0,2,Stars,1,0,2,0,3,20110226,1,-1,1,1,5,1,2010,0,5,616,0
Red Wings,0,1,1,1,3,Sabres,2,0,0,0,2,20110226,-2,-1,0,1,5,-1,2010,1,5,215,0
Avalanche,0,0,3,0,3,Kings,1,2,1,0,4,20110226,1,3,1,1,7,1,2010,0,5,830,0
Hurricanes,1,2,0,0,3,Canadiens,2,1,1,0,4,20110226,1,0,1,1,7,1,2010,0,5,727,0
Avalanche,1,0,1,0,2,Ducks,0,2,1,0,3,20110227,-1,1,1,1,5,1,2010,0,6,830,0
Bruins,2,1,0,0,3,Oilers,1,0,1,0,2,20110227,1,2,1,1,5,-1,2010,0,6,2074,0
Coyotes,0,3,0,0,3,Blackhawks,2,1,0,1,4,20110227,2,0,0,1,7,1,2010,1,6,1450,0
Blues,0,0,0,0,0,Flames,0,0,1,0,1,20110227,0,0,1,1,1,1,2010,0,6,1440,0
Devils,0,2,0,0,2,Panthers,0,0,1,0,1,20110227,0,2,1,1,3,-1,2010,0,6,1090,0
Blue Jackets,0,1,1,0,2,Predators,0,0,3,0,3,20110227,0,-1,1,1,5,1,2010,0,6,333,0
Lightning,1,0,1,0,2,Rangers,0,1,0,0,1,20110227,1,0,1,1,3,-1,2010,0,6,1004,0
Maple Leafs,2,0,0,0,2,Jets,0,0,2,1,3,20110227,-2,-2,0,1,5,1,2010,1,6,733,0
Blackhawks,0,3,1,0,4,Wild,0,0,2,0,2,20110228,0,3,2,2,6,-2,2010,0,0,355,0
Red Wings,3,1,3,0,7,Kings,1,0,3,0,4,20110228,2,3,3,3,11,-3,2010,0,0,1979,0
Stars,1,0,2,0,3,Coyotes,0,0,2,0,2,20110301,1,1,1,1,5,-1,2010,0,1,884,0
Avalanche,0,0,1,0,1,Sharks,0,0,1,1,2,20110301,0,0,0,1,3,1,2010,1,1,927,0
Blue Jackets,0,1,0,0,1,Canucks,1,0,0,1,2,20110301,1,0,0,1,3,1,2010,1,1,2050,0
Flames,1,0,5,0,6,Blues,0,0,0,0,0,20110301,1,1,6,6,6,-6,2010,0,1,1440,0
Predators,1,0,0,0,1,Oilers,1,0,0,1,2,20110301,0,0,0,1,3,1,2010,1,1,1758,0
Canadiens,1,1,1,0,3,Jets,0,0,1,0,1,20110301,1,2,2,2,4,-2,2010,0,1,992,0
Islanders,0,1,0,0,1,Capitals,0,0,1,1,2,20110301,0,-1,0,1,3,1,2010,1,1,204,0
Sabres,1,1,1,0,3,Rangers,0,1,1,0,2,20110301,1,1,1,1,5,-1,2010,0,1,292,0
Panthers,0,1,0,0,1,Hurricanes,2,0,0,0,2,20110301,2,1,1,1,3,1,2010,0,1,696,0
Bruins,0,0,1,0,1,Senators,0,0,0,0,0,20110301,0,0,1,1,1,-1,2010,0,1,320,0
Lightning,0,1,0,0,1,Devils,0,1,1,0,2,20110302,0,0,1,1,3,1,2010,0,2,1000,0
Wild,0,0,1,0,1,Islanders,2,2,0,0,4,20110302,2,4,3,3,5,3,2010,0,2,1016,0
Penguins,1,1,0,0,2,Maple Leafs,1,0,1,1,3,20110302,0,-1,0,1,5,1,2010,1,2,222,0
Flames,1,0,3,0,4,Blackhawks,2,2,2,0,6,20110302,1,3,2,2,10,2,2010,0,2,1397,0
Red Wings,0,1,0,0,1,Ducks,0,0,1,1,2,20110302,0,-1,0,1,3,1,2010,1,2,1979,0
Red Wings,1,0,0,0,1,Sharks,1,1,1,0,3,20110303,0,1,2,2,4,2,2010,0,3,2071,0
Coyotes,0,0,0,0,0,Kings,0,0,1,0,1,20110303,0,0,1,1,1,1,2010,0,3,356,0
Predators,0,0,3,0,3,Canucks,0,0,0,0,0,20110303,0,0,3,3,3,-3,2010,0,3,2030,0
Blue Jackets,0,1,1,0,2,Oilers,2,1,1,0,4,20110303,2,2,2,2,6,2,2010,0,3,1703,0
Canadiens,2,1,1,0,4,Panthers,0,0,0,0,0,20110303,2,3,4,4,4,-4,2010,0,3,1418,0
Sabres,0,2,0,0,2,Hurricanes,0,2,0,1,3,20110303,0,0,0,1,5,1,2010,1,3,491,0
Blues,1,1,0,0,2,Capitals,0,2,1,0,3,20110303,-1,0,1,1,5,1,2010,0,3,708,0
Maple Leafs,1,1,1,0,3,Flyers,1,1,0,0,2,20110303,0,0,1,1,5,-1,2010,0,3,334,0
Wild,0,2,1,0,3,Rangers,1,0,0,0,1,20110303,-1,1,2,2,4,-2,2010,0,3,1016,0
Lightning,0,1,0,0,1,Bruins,0,1,1,0,2,20110303,0,0,1,1,3,1,2010,0,3,1183,0
Senators,1,0,2,0,3,Jets,0,0,1,0,1,20110303,1,1,2,2,4,-2,2010,0,3,914,0
Stars,0,3,0,0,3,Ducks,1,0,2,1,4,20110304,1,-2,0,1,7,1,2010,1,4,1237,0
Hurricanes,1,0,1,0,2,Blackhawks,2,0,3,0,5,20110304,1,1,3,3,7,3,2010,0,4,641,0
Blue Jackets,1,1,1,0,3,Flames,2,2,0,0,4,20110304,1,2,1,1,7,1,2010,0,4,1670,0
Penguins,0,1,0,0,1,Devils,0,1,0,1,2,20110304,0,0,0,1,3,1,2010,1,4,306,0
Rangers,1,2,1,0,4,Senators,0,0,1,0,1,20110304,1,3,3,3,5,-3,2010,0,4,334,0
Red Wings,2,2,0,0,4,Coyotes,1,0,3,1,5,20110305,-1,-3,0,1,9,1,2010,1,5,1687,0
Blues,0,0,2,0,2,Islanders,2,1,2,0,5,20110305,2,3,3,3,7,3,2010,0,5,871,0
Sabres,0,3,2,0,5,Flyers,2,1,0,0,3,20110305,-2,0,2,2,8,-2,2010,0,5,279,0
Canucks,1,0,2,0,3,Kings,1,0,0,0,1,20110305,0,0,2,2,4,-2,2010,0,5,1076,0
Penguins,0,2,0,1,3,Bruins,0,1,1,0,2,20110305,0,1,0,1,5,-1,2010,1,5,481,0
Canadiens,2,1,1,0,4,Lightning,0,1,1,0,2,20110305,2,2,2,2,6,-2,2010,0,5,1311,0
Blackhawks,3,2,0,0,5,Maple Leafs,0,1,2,0,3,20110305,3,4,2,2,8,-2,2010,0,5,436,0
Panthers,1,0,2,0,3,Jets,0,1,2,1,4,20110305,-1,0,0,1,7,1,2010,1,5,605,0
Oilers,2,2,1,0,5,Avalanche,0,1,0,0,1,20110305,2,3,4,4,6,-4,2010,0,5,1036,0
Stars,1,0,2,0,3,Sharks,1,1,0,0,2,20110305,0,-1,1,1,5,-1,2010,0,5,1449,0
Sabres,1,1,0,1,3,Wild,0,2,0,0,2,20110306,1,0,0,1,5,-1,2010,1,6,729,0
Capitals,1,1,0,1,3,Panthers,1,0,1,0,2,20110306,0,1,0,1,5,-1,2010,1,6,924,0
Predators,2,0,0,0,2,Flames,1,1,1,0,3,20110306,-1,0,1,1,5,1,2010,0,6,1692,0
Flyers,0,0,0,0,0,Rangers,2,2,3,0,7,20110306,2,4,7,7,7,7,2010,0,6,80,0
Canucks,1,1,1,0,3,Ducks,0,0,0,0,0,20110306,1,2,3,3,3,-3,2010,0,6,1076,0
Devils,0,1,1,1,3,Islanders,0,1,1,0,2,20110306,0,0,0,1,5,-1,2010,1,6,8,0
Stars,0,1,2,1,4,Kings,1,1,1,0,3,20110307,-1,-1,0,1,7,-1,2010,1,0,1237,0
Blue Jackets,3,1,0,0,4,Blues,3,1,0,1,5,20110307,0,0,0,1,9,1,2010,1,0,395,0
Capitals,0,0,1,1,2,Lightning,1,0,0,0,1,20110307,-1,-1,0,1,3,-1,2010,1,0,818,0
Canucks,1,2,0,1,4,Coyotes,2,1,0,0,3,20110308,-1,0,0,1,7,-1,2010,1,1,1228,0
Avalanche,0,2,0,0,2,Wild,1,1,3,0,5,20110308,1,0,3,3,7,3,2010,0,1,698,0
Blackhawks,0,2,0,0,2,Panthers,3,0,0,0,3,20110308,3,1,1,1,5,1,2010,0,1,1189,0
Bruins,0,0,1,0,1,Canadiens,2,2,0,0,4,20110308,2,4,3,3,5,3,2010,0,1,270,0
Predators,1,1,0,0,2,Sharks,1,1,0,1,3,20110308,0,0,0,1,5,1,2010,1,1,1934,0
Oilers,0,1,0,0,1,Flyers,2,1,1,0,4,20110308,2,2,3,3,5,3,2010,0,1,2011,0
Maple Leafs,0,2,1,0,3,Islanders,0,2,1,1,4,20110308,0,0,0,1,7,1,2010,1,1,341,0
Senators,0,1,1,0,2,Devils,0,0,1,0,1,20110308,0,1,1,1,3,-1,2010,0,1,330,0
Sabres,1,0,0,0,1,Penguins,0,2,1,0,3,20110308,-1,1,2,2,4,2,2010,0,1,178,0
Jets,2,0,0,1,3,Hurricanes,0,1,1,0,2,20110309,2,1,0,1,5,-1,2010,1,2,354,0
Oilers,0,0,0,0,0,Capitals,0,2,3,0,5,20110309,0,2,5,5,5,5,2010,0,2,1985,0
Blues,0,1,2,1,4,Blue Jackets,0,3,0,0,3,20110309,0,-2,0,1,7,-1,2010,1,2,395,0
Kings,0,2,0,0,2,Red Wings,1,0,0,0,1,20110309,-1,1,1,1,3,-1,2010,0,2,1979,0
Blackhawks,1,1,1,0,3,Lightning,2,1,0,1,4,20110309,1,1,0,1,7,1,2010,1,2,1004,0
Flames,3,0,0,1,4,Stars,1,1,1,0,3,20110309,2,1,0,1,7,-1,2010,1,2,1536,0
Rangers,1,0,1,0,2,Ducks,3,0,2,0,5,20110309,2,2,3,3,7,3,2010,0,2,2445,0
Flames,0,0,0,0,0,Coyotes,0,1,2,0,3,20110310,0,1,3,3,3,3,2010,0,3,1224,0
Canucks,2,1,1,1,5,Sharks,0,2,2,0,4,20110310,2,1,0,1,9,-1,2010,1,3,821,0
Wild,0,0,0,0,0,Predators,3,0,1,0,4,20110310,3,3,4,4,4,4,2010,0,3,696,0
Sabres,0,2,1,1,4,Bruins,1,1,1,0,3,20110310,-1,0,0,1,7,-1,2010,1,3,399,0
Senators,0,0,2,0,2,Panthers,0,0,1,0,1,20110310,0,0,1,1,3,-1,2010,0,3,1370,0
Flyers,1,2,0,0,3,Maple Leafs,0,1,1,0,2,20110310,1,2,1,1,5,-1,2010,0,3,334,0
Canadiens,1,0,0,0,1,Blues,1,1,2,0,4,20110310,0,1,3,3,5,3,2010,0,3,962,0
Bruins,1,1,0,0,2,Islanders,0,1,3,0,4,20110311,-1,-1,2,2,6,2,2010,0,4,190,0
Hurricanes,0,1,0,0,1,Capitals,0,0,2,0,2,20110311,0,-1,1,1,3,1,2010,0,4,233,0
Kings,2,1,1,0,4,Blue Jackets,1,0,1,0,2,20110311,1,2,2,2,6,-2,2010,0,4,1973,0
Oilers,1,0,0,0,1,Red Wings,0,0,1,1,2,20110311,-1,-1,0,1,3,1,2010,1,4,1592,0
Senators,1,1,0,0,2,Lightning,0,0,1,0,1,20110311,1,2,1,1,3,-1,2010,0,4,1251,0
Devils,0,1,1,1,3,Jets,0,1,1,0,2,20110311,0,0,0,1,5,-1,2010,1,4,739,0
Wild,0,0,0,0,0,Stars,1,3,0,0,4,20110311,1,4,4,4,4,4,2010,0,4,863,0
Ducks,0,4,2,0,6,Avalanche,1,1,0,0,2,20110311,-1,2,4,4,8,-4,2010,0,4,830,0
Rangers,1,1,0,1,3,Sharks,1,1,0,0,2,20110312,0,0,0,1,5,-1,2010,1,5,2549,0
Canucks,1,3,0,0,4,Flames,2,1,0,0,3,20110312,-1,1,1,1,7,-1,2010,0,5,426,0
Avalanche,0,2,0,0,2,Predators,2,1,1,0,4,20110312,2,1,2,2,6,2,2010,0,5,1019,0
Red Wings,2,1,2,0,5,Blues,1,0,2,0,3,20110312,1,2,2,2,8,-2,2010,0,5,454,0
Lightning,0,1,2,0,3,Panthers,0,1,2,1,4,20110312,0,0,0,1,7,1,2010,1,5,205,0
Jets,0,0,4,1,5,Flyers,1,2,1,0,4,20110312,-1,-3,0,1,9,-1,2010,1,5,665,0
Islanders,0,2,0,0,2,Devils,1,0,1,1,3,20110312,1,-1,0,1,5,1,2010,1,5,8,0
Blue Jackets,1,1,1,0,3,Hurricanes,0,0,2,0,2,20110312,1,2,1,1,5,-1,2010,0,5,374,0
Canadiens,1,2,0,0,3,Penguins,0,0,0,0,0,20110312,1,3,3,3,3,-3,2010,0,5,474,0
Sabres,1,2,0,0,3,Maple Leafs,1,1,2,0,4,20110312,0,-1,1,1,7,1,2010,0,5,57,0
Coyotes,2,2,1,0,5,Ducks,1,1,0,0,2,20110313,1,2,3,3,7,-3,2010,0,6,356,0
Oilers,0,0,1,0,1,Penguins,1,2,2,0,5,20110313,1,3,4,4,6,4,2010,0,6,1797,0
Senators,2,1,1,0,4,Sabres,2,3,1,0,6,20110313,0,2,2,2,10,2,2010,0,6,219,0
Blackhawks,1,1,1,0,3,Capitals,2,0,1,1,4,20110313,1,0,0,1,7,1,2010,1,6,594,0
Kings,1,1,1,0,3,Stars,0,1,1,0,2,20110313,1,1,1,1,5,-1,2010,0,6,1237,0
Lightning,1,3,2,0,6,Maple Leafs,0,2,0,0,2,20110314,1,2,4,4,8,-4,2010,0,0,1096,0
Sharks,2,1,0,0,3,Blackhawks,1,5,0,0,6,20110314,-1,3,3,3,9,3,2010,0,0,1837,0
Wild,0,1,1,0,2,Canucks,3,0,1,0,4,20110314,3,2,2,2,6,2,2010,0,0,1427,0
Penguins,1,3,1,0,5,Senators,0,1,0,0,1,20110315,1,3,4,4,6,-4,2010,0,1,392,0
Sharks,0,2,4,0,6,Stars,0,2,1,0,3,20110315,0,0,3,3,9,-3,2010,0,1,1449,0
Kings,1,2,1,0,4,Predators,1,0,1,0,2,20110315,0,2,2,2,6,-2,2010,0,1,1776,0
Flyers,1,2,0,0,3,Panthers,2,0,0,0,2,20110315,-1,1,1,1,5,-1,2010,0,1,1021,0
Coyotes,1,1,2,0,4,Flames,1,0,2,0,3,20110315,0,1,1,1,7,-1,2010,0,1,1224,0
Hurricanes,1,0,0,0,1,Sabres,0,0,0,0,0,20110315,1,1,1,1,1,-1,2010,0,1,491,0
Islanders,0,2,1,0,3,Rangers,2,3,1,0,6,20110315,2,3,3,3,9,3,2010,0,1,0,0
Jets,2,0,0,0,2,Devils,1,1,2,0,4,20110315,-1,0,2,2,6,2,2010,0,1,739,0
Capitals,2,0,2,0,4,Canadiens,1,1,0,0,2,20110315,1,0,2,2,6,-2,2010,0,1,495,0
Bruins,0,1,1,1,3,Blue Jackets,1,0,1,0,2,20110315,-1,0,0,1,5,-1,2010,1,1,642,0
Maple Leafs,1,2,0,0,3,Hurricanes,1,0,0,0,1,20110316,0,2,2,2,4,-2,2010,0,2,544,0
Capitals,1,1,0,0,2,Red Wings,2,0,1,0,3,20110316,1,0,1,1,5,1,2010,0,2,394,0
Avalanche,2,0,0,0,2,Canucks,0,1,3,0,4,20110316,-2,-1,2,2,6,2,2010,0,2,1105,0
Blues,0,1,0,0,1,Ducks,0,1,1,0,2,20110316,0,0,1,1,3,1,2010,0,2,1586,0
Wild,1,1,0,0,2,Sharks,1,1,1,0,3,20110317,0,0,1,1,5,1,2010,0,3,1570,0
Blues,1,1,2,0,4,Kings,0,0,0,0,0,20110317,1,2,4,4,4,-4,2010,0,3,1586,0
Coyotes,1,1,1,0,3,Oilers,0,0,1,0,1,20110317,1,2,2,2,4,-2,2010,0,3,1392,0
Avalanche,1,0,1,0,2,Flames,3,0,2,0,5,20110317,2,2,3,3,7,3,2010,0,3,898,0
Blackhawks,0,0,0,0,0,Stars,1,2,2,0,5,20110317,1,3,5,5,5,5,2010,0,3,802,0
Bruins,1,1,1,0,3,Predators,1,1,1,1,4,20110317,0,0,0,1,7,1,2010,1,3,941,0
Maple Leafs,0,0,0,0,0,Panthers,0,3,1,0,4,20110317,0,3,4,4,4,4,2010,0,3,1234,0
Devils,0,0,1,0,1,Senators,1,0,2,0,3,20110317,1,1,2,2,4,2,2010,0,3,330,0
Lightning,0,1,1,0,2,Canadiens,0,1,1,1,3,20110317,0,0,0,1,5,1,2010,1,3,1311,0
Red Wings,2,0,0,0,2,Blue Jackets,0,0,0,0,0,20110317,2,2,2,2,2,-2,2010,0,3,163,0
Flyers,1,1,1,0,3,Jets,1,2,0,1,4,20110317,0,1,0,1,7,1,2010,1,3,665,0
Islanders,1,1,0,0,2,Hurricanes,1,0,1,1,3,20110318,0,-1,0,1,5,1,2010,1,4,423,0
Capitals,1,1,1,0,3,Devils,0,0,0,0,0,20110318,1,2,3,3,3,-3,2010,0,4,198,0
Canadiens,1,1,1,0,3,Rangers,5,0,1,0,6,20110318,4,3,3,3,9,3,2010,0,4,343,0
Coyotes,0,0,3,0,3,Canucks,0,0,1,0,1,20110318,0,0,2,2,4,-2,2010,0,4,1228,0
Blues,0,1,2,0,3,Sharks,3,2,0,0,5,20110319,3,4,2,2,8,2,2010,0,5,1719,0
Ducks,1,0,0,1,2,Kings,0,0,1,0,1,20110319,1,1,0,1,3,-1,2010,1,5,0,0
Avalanche,1,1,0,1,3,Oilers,0,1,1,0,2,20110319,1,1,0,1,5,-1,2010,1,5,1036,0
Flyers,1,1,0,1,3,Stars,0,1,1,0,2,20110319,1,1,0,1,5,-1,2010,1,5,1297,0
Red Wings,1,0,0,0,1,Predators,0,1,2,0,3,20110319,-1,0,2,2,4,2,2010,0,5,470,0
Bruins,1,0,1,0,2,Maple Leafs,2,3,0,0,5,20110319,1,4,3,3,7,3,2010,0,5,430,0
Islanders,0,1,2,1,4,Panthers,0,2,1,0,3,20110319,0,-1,0,1,7,-1,2010,1,5,1091,0
Lightning,1,1,0,0,2,Senators,0,0,2,1,3,20110319,-1,-2,0,1,5,1,2010,1,5,1251,0
Jets,1,1,0,0,2,Sabres,3,2,3,0,8,20110319,2,3,6,6,10,6,2010,0,5,698,0
Blue Jackets,1,1,2,1,5,Wild,1,1,2,0,4,20110319,0,0,0,1,9,-1,2010,1,5,626,0
Flames,1,2,1,0,4,Ducks,3,0,1,1,5,20110320,2,0,0,1,9,1,2010,1,6,1197,0
Blackhawks,1,0,1,0,2,Coyotes,0,1,0,0,1,20110320,1,0,1,1,3,-1,2010,0,6,1450,0
Canadiens,2,4,2,0,8,Wild,0,0,1,0,1,20110320,2,6,7,7,9,-7,2010,0,6,938,0
Predators,1,0,2,1,4,Sabres,0,3,0,0,3,20110320,1,-2,0,1,7,-1,2010,1,6,626,0
Rangers,1,0,4,0,5,Penguins,1,0,1,0,2,20110320,0,0,3,3,7,-3,2010,0,6,314,0
Devils,1,1,1,0,3,Blue Jackets,0,0,0,0,0,20110320,1,2,3,3,3,-3,2010,0,6,467,0
Penguins,2,2,0,1,5,Red Wings,0,1,3,0,4,20110321,2,3,0,1,9,-1,2010,1,0,205,0
Flames,0,0,1,0,1,Kings,0,0,1,1,2,20110321,0,0,0,1,3,1,2010,1,0,1197,0
Oilers,0,1,0,0,1,Predators,2,1,0,0,3,20110322,2,2,2,2,4,2,2010,0,1,1758,0
Blue Jackets,1,1,2,0,4,Avalanche,1,0,3,1,5,20110322,0,-1,0,1,9,1,2010,1,1,1163,0
Maple Leafs,1,1,1,0,3,Wild,0,0,0,0,0,20110322,1,2,3,3,3,-3,2010,0,1,691,0
Blues,1,0,0,0,1,Coyotes,0,2,0,0,2,20110322,-1,1,1,1,3,1,2010,0,1,1270,0
Islanders,1,2,2,0,5,Lightning,1,0,1,0,2,20110322,0,2,3,3,7,-3,2010,0,1,1004,0
Panthers,0,0,0,0,0,Rangers,0,0,1,0,1,20110322,0,0,1,1,1,1,2010,0,1,1091,0
Sabres,0,1,1,0,2,Canadiens,0,0,0,0,0,20110322,0,1,2,2,2,-2,2010,0,1,311,0
Senators,2,0,1,0,3,Hurricanes,2,1,1,0,4,20110322,0,1,1,1,7,1,2010,0,1,673,0
Devils,1,0,0,0,1,Bruins,1,1,2,0,4,20110322,0,1,3,3,5,3,2010,0,1,196,0
Capitals,2,1,1,1,5,Flyers,0,2,2,0,4,20110322,2,1,0,1,9,-1,2010,1,1,123,0
Canucks,0,1,1,0,2,Red Wings,0,0,1,0,1,20110323,0,1,1,1,3,-1,2010,0,2,1967,0
Panthers,0,0,0,0,0,Blackhawks,0,1,3,0,4,20110323,0,1,4,4,4,4,2010,0,2,1189,0
Ducks,0,1,2,1,4,Stars,0,1,2,0,3,20110323,0,0,0,1,7,-1,2010,1,2,1237,0
Flames,2,1,0,0,3,Sharks,4,1,1,0,6,20110323,2,2,3,3,9,3,2010,0,2,1027,0
Maple Leafs,2,1,1,0,4,Avalanche,1,1,1,0,3,20110324,1,1,1,1,7,-1,2010,0,3,1341,0
Sharks,0,1,2,0,3,Kings,0,2,1,1,4,20110324,0,1,0,1,7,1,2010,1,3,305,0
Blue Jackets,0,0,0,0,0,Coyotes,0,2,1,0,3,20110324,0,2,3,3,3,3,2010,0,3,1664,0
Oilers,0,0,0,0,0,Blues,0,1,3,0,4,20110324,0,1,4,4,4,4,2010,0,3,1508,0
Ducks,1,0,3,0,4,Predators,3,1,1,0,5,20110324,2,3,1,1,9,1,2010,0,3,1776,0
Senators,0,1,0,1,2,Rangers,0,0,1,0,1,20110324,0,1,0,1,3,-1,2010,1,3,334,0
Jets,1,1,0,0,2,Islanders,0,1,0,0,1,20110324,1,1,1,1,3,-1,2010,0,3,745,0
Canadiens,0,0,0,0,0,Bruins,3,0,4,0,7,20110324,3,3,7,7,7,7,2010,0,3,270,0
Penguins,0,1,0,1,2,Flyers,1,0,0,0,1,20110324,-1,0,0,1,3,-1,2010,1,3,257,0
Devils,0,0,0,0,0,Penguins,0,0,0,1,1,20110325,0,0,0,1,1,1,2010,1,4,306,0
Panthers,1,0,1,0,2,Sabres,1,1,2,0,4,20110325,0,1,2,2,6,2,2010,0,4,1184,0
Capitals,0,0,0,0,0,Senators,0,1,1,0,2,20110325,0,1,2,2,2,2,2010,0,4,446,0
Hurricanes,1,1,2,0,4,Lightning,1,0,2,0,3,20110325,0,1,1,1,7,-1,2010,0,4,585,0
Canucks,0,2,1,0,3,Jets,0,0,1,0,1,20110325,0,2,2,2,4,-2,2010,0,4,2240,0
Stars,1,1,0,0,2,Predators,1,2,1,0,4,20110326,0,1,2,2,6,2,2010,0,5,616,0
Flames,0,1,3,1,5,Oilers,1,2,1,0,4,20110326,-1,-2,0,1,9,-1,2010,1,5,171,0
Sharks,1,2,1,0,4,Coyotes,1,0,0,0,1,20110326,0,2,3,3,5,-3,2010,0,5,614,0
Ducks,0,0,2,0,2,Blackhawks,1,0,0,0,1,20110326,-1,-1,1,1,3,-1,2010,0,5,1741,0
Blues,2,2,2,0,6,Wild,2,0,1,0,3,20110326,0,2,3,3,9,-3,2010,0,5,466,0
Flyers,3,0,1,0,4,Islanders,1,0,0,0,1,20110326,2,2,3,3,5,-3,2010,0,5,80,0
Lightning,2,1,1,0,4,Hurricanes,2,0,0,0,2,20110326,0,1,2,2,6,-2,2010,0,5,585,0
Maple Leafs,1,0,1,0,2,Red Wings,1,1,2,0,4,20110326,0,1,2,2,6,2,2010,0,5,205,0
Devils,0,0,0,0,0,Sabres,2,0,0,0,2,20110326,2,2,2,2,2,2,2010,0,5,284,0
Avalanche,0,1,0,0,1,Kings,2,0,2,0,4,20110326,2,1,3,3,5,3,2010,0,5,830,0
Rangers,1,0,0,0,1,Bruins,0,0,0,0,0,20110326,1,1,1,1,1,-1,2010,0,5,190,0
Capitals,1,0,1,0,2,Canadiens,0,0,0,0,0,20110326,1,1,2,2,2,-2,2010,0,5,495,0
Panthers,0,1,0,0,1,Penguins,0,1,0,1,2,20110327,0,0,0,1,3,1,2010,1,6,1013,0
Senators,1,1,2,0,4,Jets,1,2,1,1,5,20110327,0,1,0,1,9,1,2010,1,6,914,0
Canucks,1,0,3,0,4,Blue Jackets,0,0,1,0,1,20110327,1,1,3,3,5,-3,2010,0,6,2050,0
Bruins,0,1,1,0,2,Flyers,1,0,0,0,1,20110327,-1,0,1,1,3,-1,2010,0,6,270,0
Avalanche,2,1,1,0,4,Ducks,0,3,2,0,5,20110328,-2,0,1,1,9,1,2010,0,0,830,0
Blackhawks,2,0,0,1,3,Red Wings,1,0,1,0,2,20110328,1,1,0,1,5,-1,2010,1,0,238,0
Canucks,0,0,3,0,3,Predators,0,1,0,0,1,20110329,0,-1,2,2,4,-2,2010,0,1,2030,0
Panthers,0,1,1,0,2,Blue Jackets,1,1,0,1,3,20110329,1,1,0,1,5,1,2010,1,1,993,0
Stars,0,1,0,0,1,Coyotes,0,1,0,1,2,20110329,0,0,0,1,3,1,2010,1,1,884,0
Wild,1,0,1,1,3,Blues,1,0,1,0,2,20110329,0,0,0,1,5,-1,2010,1,1,466,0
Kings,0,2,0,0,2,Oilers,0,0,0,0,0,20110329,0,2,2,2,2,-2,2010,0,1,1368,0
Senators,0,0,2,0,2,Lightning,0,2,3,0,5,20110329,0,2,3,3,7,3,2010,0,1,1251,0
Sabres,1,2,0,0,3,Maple Leafs,2,2,0,0,4,20110329,1,1,1,1,7,1,2010,0,1,57,0
Blackhawks,0,0,0,0,0,Bruins,0,2,1,0,3,20110329,0,2,3,3,3,3,2010,0,1,849,0
Hurricanes,0,1,1,1,3,Capitals,0,2,0,0,2,20110329,0,-1,0,1,5,-1,2010,1,1,233,0
Flyers,1,2,2,0,5,Penguins,1,1,0,0,2,20110329,0,1,3,3,7,-3,2010,0,1,257,0
Jets,0,0,1,0,1,Canadiens,2,0,1,0,3,20110329,2,2,2,2,4,2,2010,0,1,992,0
Rangers,0,0,0,0,0,Sabres,0,1,0,0,1,20110330,0,1,1,1,1,1,2010,0,2,292,0
Canadiens,0,1,1,0,2,Hurricanes,2,2,2,0,6,20110330,2,3,4,4,8,4,2010,0,2,727,0
Islanders,0,0,2,0,2,Devils,1,1,1,0,3,20110330,1,2,1,1,5,1,2010,0,2,8,0
Blues,3,5,2,0,10,Red Wings,2,1,0,0,3,20110330,1,5,7,7,13,-7,2010,0,2,454,0
Ducks,2,1,1,0,4,Flames,1,0,1,0,2,20110330,1,2,2,2,6,-2,2010,0,2,1197,0
Stars,0,0,0,0,0,Sharks,1,2,3,0,6,20110331,1,3,6,6,6,6,2010,0,3,1449,0
Kings,1,0,0,0,1,Canucks,0,2,1,0,3,20110331,-1,1,2,2,4,2,2010,0,3,1076,0
Predators,1,1,1,0,3,Avalanche,0,0,2,0,2,20110331,1,2,1,1,5,-1,2010,0,3,1019,0
Oilers,0,1,1,0,2,Wild,2,2,0,0,4,20110331,2,3,2,2,6,2,2010,0,3,1083,0
Senators,1,3,0,0,4,Panthers,0,1,0,0,1,20110331,1,3,3,3,5,-3,2010,0,3,1370,0
Jets,0,0,1,0,1,Flyers,0,0,0,0,0,20110331,0,0,1,1,1,-1,2010,0,3,665,0
Blue Jackets,0,2,1,0,3,Capitals,1,2,0,1,4,20110331,1,1,0,1,7,1,2010,1,3,326,0
Rangers,1,0,1,0,2,Islanders,0,4,2,0,6,20110331,-1,3,4,4,8,4,2010,0,3,0,0
Maple Leafs,1,1,1,1,4,Bruins,0,3,0,0,3,20110331,1,-1,0,1,7,-1,2010,1,3,430,0
Penguins,0,0,1,0,1,Lightning,2,0,0,0,2,20110331,2,2,1,1,3,1,2010,0,3,874,0
Avalanche,1,1,1,1,4,Coyotes,0,1,2,0,3,20110401,1,1,0,1,7,-1,2010,1,4,585,0
Flyers,1,0,1,0,2,Devils,0,2,2,0,4,20110401,-1,1,2,2,6,2,2010,0,4,75,0
Blackhawks,2,0,1,1,4,Blue Jackets,1,1,1,0,3,20110401,1,0,0,1,7,-1,2010,1,4,275,0
Flames,0,1,2,0,3,Blues,1,1,0,0,2,20110401,-1,-1,1,1,5,-1,2010,0,4,1440,0
Penguins,1,1,2,0,4,Panthers,2,0,0,0,2,20110402,-1,0,2,2,6,-2,2010,0,5,1013,0
Sabres,2,0,2,0,4,Capitals,2,0,2,1,5,20110402,0,0,0,1,9,1,2010,1,5,292,0
Ducks,2,0,0,0,2,Sharks,0,2,2,0,4,20110402,-2,0,2,2,6,2,2010,0,5,305,0
Oilers,1,2,1,0,4,Canucks,0,1,0,0,1,20110402,1,2,3,3,5,-3,2010,0,5,514,0
Maple Leafs,1,1,2,0,4,Senators,0,1,1,0,2,20110402,1,1,2,2,6,-2,2010,0,5,203,0
Lightning,0,2,1,0,3,Wild,1,0,0,0,1,20110402,-1,1,2,2,4,-2,2010,0,5,1318,0
Canadiens,1,0,2,0,3,Devils,0,0,1,0,1,20110402,1,1,2,2,4,-2,2010,0,5,342,0
Stars,0,1,0,0,1,Kings,0,1,2,0,3,20110402,0,0,2,2,4,2,2010,0,5,1237,0
Red Wings,0,2,1,1,4,Predators,1,2,0,0,3,20110402,-1,-1,0,1,7,-1,2010,1,5,470,0
Hurricanes,1,0,3,0,4,Islanders,1,1,0,0,2,20110402,0,-1,2,2,6,-2,2010,0,5,423,0
Jets,1,1,0,0,2,Bruins,1,1,1,0,3,20110402,0,0,1,1,5,1,2010,0,5,935,0
Rangers,1,1,0,1,3,Flyers,1,0,1,0,2,20110403,0,1,0,1,5,-1,2010,1,6,80,0
Wild,0,1,1,0,2,Red Wings,2,1,1,0,4,20110403,2,2,2,2,6,2,2010,0,6,542,0
Sabres,1,0,0,1,2,Hurricanes,0,1,0,0,1,20110403,1,0,0,1,3,-1,2010,1,6,491,0
Blues,2,2,2,0,6,Blue Jackets,1,0,0,0,1,20110403,1,3,5,5,7,-5,2010,0,6,395,0
Lightning,1,0,1,0,2,Blackhawks,0,0,0,0,0,20110403,1,1,2,2,2,-2,2010,0,6,1004,0
Flames,0,1,1,0,2,Avalanche,0,0,1,0,1,20110403,0,1,1,1,3,-1,2010,0,6,898,0
Stars,2,2,0,0,4,Ducks,2,1,0,0,3,20110403,0,1,1,1,7,-1,2010,0,6,1237,0
Kings,0,1,0,0,1,Sharks,2,4,0,0,6,20110404,2,5,5,5,7,5,2010,0,0,305,0
Bruins,2,1,0,0,3,Rangers,0,2,3,0,5,20110404,-2,-1,2,2,8,2,2010,0,0,190,0
Lightning,1,0,1,0,2,Sabres,1,2,1,0,4,20110405,0,2,2,2,6,2,2010,0,1,1051,0
Capitals,1,1,0,1,3,Maple Leafs,1,1,0,0,2,20110405,0,0,0,1,5,-1,2010,1,1,349,0
Blackhawks,0,1,0,0,1,Canadiens,0,1,0,1,2,20110405,0,0,0,1,3,1,2010,1,1,732,0
Flyers,1,1,0,0,2,Senators,1,2,2,0,5,20110405,0,1,3,3,7,3,2010,0,1,373,0
Devils,0,1,1,0,2,Penguins,1,1,2,0,4,20110405,1,1,2,2,6,2,2010,0,1,306,0
Avalanche,1,0,0,0,1,Blues,1,1,1,0,3,20110405,0,1,2,2,4,2,2010,0,1,794,0
Jets,0,0,3,0,3,Predators,3,1,2,0,6,20110405,3,4,3,3,9,3,2010,0,1,215,0
Blue Jackets,0,0,0,0,0,Stars,1,0,2,0,3,20110405,1,1,3,3,3,3,2010,0,1,912,0
Canucks,0,0,0,0,0,Oilers,1,0,1,0,2,20110405,1,1,2,2,2,2,2010,0,1,514,0
Oilers,0,0,1,0,1,Flames,0,3,3,0,6,20110406,0,3,5,5,7,5,2010,0,2,171,0
Coyotes,2,0,0,0,2,Kings,1,1,0,1,3,20110406,-1,0,0,1,5,1,2010,1,2,356,0
Sharks,0,1,1,0,2,Ducks,2,4,0,0,6,20110406,2,5,4,4,8,4,2010,0,2,305,0
Blues,1,1,1,0,3,Blackhawks,0,3,0,1,4,20110406,-1,1,0,1,7,1,2010,1,2,260,0
Red Wings,0,0,0,0,0,Hurricanes,0,2,1,0,3,20110406,0,2,3,3,3,3,2010,0,2,511,0
Maple Leafs,0,0,2,0,2,Devils,1,2,1,0,4,20110406,1,3,2,2,6,2,2010,0,2,333,0
Islanders,0,2,0,0,2,Bruins,1,2,0,0,3,20110406,1,1,1,1,5,1,2010,0,2,190,0
Panthers,0,0,2,0,2,Capitals,2,1,2,0,5,20110406,2,3,3,3,7,3,2010,0,2,924,0
Jets,0,2,1,0,3,Rangers,0,0,0,0,0,20110407,0,2,3,3,3,-3,2010,0,3,745,0
Canadiens,0,1,1,0,2,Senators,0,0,2,1,3,20110407,0,-1,0,1,5,1,2010,1,3,104,0
Avalanche,0,1,1,0,2,Stars,2,0,2,0,4,20110407,2,1,2,2,6,2,2010,0,3,661,0
Wild,0,0,0,0,0,Canucks,2,2,1,0,5,20110407,2,4,5,5,5,5,2010,0,3,1427,0
Kings,1,0,0,0,1,Ducks,0,1,1,0,2,20110408,-1,0,1,1,3,1,2010,0,4,0,0
Sharks,0,1,2,0,3,Coyotes,1,2,1,0,4,20110408,1,2,1,1,7,1,2010,0,4,614,0
Stars,1,1,1,0,3,Avalanche,0,1,1,0,2,20110408,1,1,1,1,5,-1,2010,0,4,661,0
Wild,1,1,1,0,3,Oilers,0,1,0,0,1,20110408,1,1,2,2,4,-2,2010,0,4,1083,0
Blue Jackets,0,1,0,0,1,Predators,1,2,1,0,4,20110408,1,2,3,3,5,3,2010,0,4,333,0
Panthers,1,0,1,0,2,Lightning,2,2,0,0,4,20110408,1,3,2,2,6,2,2010,0,4,205,0
Blackhawks,3,1,0,0,4,Red Wings,0,1,1,0,2,20110408,3,3,2,2,6,-2,2010,0,4,238,0
Flyers,1,2,0,0,3,Sabres,0,2,1,1,4,20110408,-1,-1,0,1,7,1,2010,1,4,279,0
Penguins,1,1,1,1,4,Islanders,0,1,2,0,3,20110408,1,1,0,1,7,-1,2010,1,4,314,0
Hurricanes,2,1,3,0,6,Jets,0,0,1,0,1,20110408,2,3,5,5,7,-5,2010,0,4,354,0
Ducks,2,1,0,0,3,Kings,0,1,0,0,1,20110409,2,2,2,2,4,-2,2010,0,5,0,0
Sabres,0,3,2,0,5,Blue Jackets,0,2,2,0,4,20110409,0,1,1,1,9,-1,2010,0,5,293,0
Canucks,0,0,2,1,3,Flames,0,2,0,0,2,20110409,0,-2,0,1,5,-1,2010,1,5,426,0
Predators,0,0,0,0,0,Blues,0,1,1,0,2,20110409,0,1,2,2,2,2,2010,0,5,253,0
Capitals,0,0,0,0,0,Panthers,0,0,1,0,1,20110409,0,0,1,1,1,1,2010,0,5,924,0
Coyotes,0,0,1,0,1,Sharks,0,2,1,0,3,20110409,0,2,2,2,4,2,2010,0,5,614,0
Islanders,3,1,0,0,4,Flyers,3,2,2,0,7,20110409,0,1,3,3,11,3,2010,0,5,80,0
Devils,2,0,0,0,2,Rangers,1,3,1,0,5,20110409,-1,2,3,3,7,3,2010,0,5,8,0
Canadiens,2,1,1,0,4,Maple Leafs,1,0,0,0,1,20110409,1,2,3,3,5,-3,2010,0,5,303,0
Lightning,3,1,2,0,6,Hurricanes,0,1,1,0,2,20110409,3,3,4,4,8,-4,2010,0,5,585,0
Senators,1,0,0,0,1,Bruins,1,1,1,0,3,20110409,0,1,2,2,4,2,2010,0,5,320,0
Red Wings,0,2,2,0,4,Blackhawks,0,1,2,0,3,20110410,0,1,1,1,7,-1,2010,0,6,238,0
Bruins,1,0,1,0,2,Devils,1,0,2,0,3,20110410,0,0,1,1,5,1,2010,0,6,196,0
Oilers,1,2,0,0,3,Avalanche,2,0,1,1,4,20110410,1,-1,0,1,7,1,2010,1,6,1036,0
Penguins,0,4,1,0,5,Jets,1,0,1,0,2,20110410,-1,3,3,3,7,-3,2010,0,6,521,0
Stars,2,1,0,0,3,Wild,1,2,2,0,5,20110410,-1,0,2,2,8,2,2010,0,6,863,0
Blackhawks,0,0,0,0,0,Canucks,2,0,0,0,2,20110413,2,2,2,2,2,2,2010,0,2,1775,1
Rangers,0,0,1,0,1,Capitals,0,0,1,1,2,20110413,0,0,0,1,3,1,2010,1,2,204,1
Predators,1,2,1,0,4,Ducks,0,0,1,0,1,20110413,1,3,3,3,5,-3,2010,0,2,1776,1
Coyotes,1,0,1,0,2,Red Wings,0,3,1,0,4,20110413,-1,2,2,2,6,2,2010,0,2,1687,1
Lightning,0,0,0,0,0,Penguins,0,0,3,0,3,20110413,0,0,3,3,3,3,2010,0,2,874,1
Kings,0,2,0,0,2,Sharks,1,1,0,1,3,20110414,1,0,0,1,5,1,2010,1,3,305,1
Sabres,0,0,1,0,1,Flyers,0,0,0,0,0,20110414,0,0,1,1,1,-1,2010,0,3,279,1
Canadiens,1,0,1,0,2,Bruins,0,0,0,0,0,20110414,1,1,2,2,2,-2,2010,0,3,270,1
Lightning,3,1,1,0,5,Penguins,0,1,0,0,1,20110415,3,3,4,4,6,-4,2010,0,4,874,1
Rangers,0,0,0,0,0,Capitals,0,2,0,0,2,20110415,0,2,2,2,2,2,2010,0,4,204,1
Predators,0,1,2,0,3,Ducks,2,2,1,0,5,20110415,2,3,2,2,8,2,2010,0,4,1776,1
Blackhawks,0,1,2,0,3,Canucks,1,2,1,0,4,20110415,1,2,1,1,7,1,2010,0,4,1775,1
Coyotes,0,1,2,0,3,Red Wings,3,1,0,0,4,20110416,3,3,1,1,7,1,2010,0,5,1687,1
Sabres,3,0,1,0,4,Flyers,3,2,0,0,5,20110416,0,2,1,1,9,1,2010,0,5,279,1
Canadiens,2,1,0,0,3,Bruins,0,1,0,0,1,20110416,2,2,2,2,4,-2,2010,0,5,270,1
Kings,2,1,1,0,4,Sharks,0,0,0,0,0,20110416,2,3,4,4,4,-4,2010,0,5,305,1
Canucks,0,2,1,0,3,Blackhawks,1,1,0,0,2,20110417,-1,0,1,1,5,-1,2010,0,6,1775,1
Capitals,0,1,1,0,2,Rangers,0,1,2,0,3,20110417,0,0,1,1,5,1,2010,0,6,204,1
Ducks,0,2,1,0,3,Predators,2,0,2,0,4,20110417,2,0,1,1,7,1,2010,0,6,1776,1
Penguins,2,0,1,0,3,Lightning,1,0,1,0,2,20110418,1,1,1,1,5,-1,2010,0,0,874,1
Red Wings,2,1,1,0,4,Coyotes,0,1,1,0,2,20110418,2,2,2,2,6,-2,2010,0,0,1687,1
Bruins,2,1,1,0,4,Canadiens,0,1,1,0,2,20110418,2,2,2,2,6,-2,2010,0,0,270,1
Flyers,1,2,1,0,4,Sabres,1,1,0,0,2,20110418,0,1,2,2,6,-2,2010,0,0,279,1
Canucks,1,0,1,0,2,Blackhawks,1,4,2,0,7,20110419,0,4,5,5,9,5,2010,0,1,1775,1
Sharks,0,5,0,1,6,Kings,3,2,0,0,5,20110419,-3,0,0,1,11,-1,2010,1,1,305,1
Capitals,0,0,3,1,4,Rangers,0,3,0,0,3,20110420,0,-3,0,1,7,-1,2010,1,2,204,1
Penguins,1,1,0,1,3,Lightning,0,1,1,0,2,20110420,1,1,0,1,5,-1,2010,1,2,874,1
Flyers,0,0,0,0,0,Sabres,1,0,0,0,1,20110420,1,1,1,1,1,1,2010,0,2,279,1
Ducks,2,1,3,0,6,Predators,1,2,0,0,3,20110420,1,0,3,3,9,-3,2010,0,2,1776,1
Red Wings,2,1,3,0,6,Coyotes,2,1,0,0,3,20110420,0,0,3,3,9,-3,2010,0,2,1687,1
Bruins,0,3,1,1,5,Canadiens,1,2,1,0,4,20110421,-1,0,0,1,9,-1,2010,1,3,270,1
Blackhawks,3,2,0,0,5,Canucks,0,0,0,0,0,20110421,3,5,5,5,5,-5,2010,0,3,1775,1
Sharks,0,3,3,0,6,Kings,0,2,1,0,3,20110421,0,1,3,3,9,-3,2010,0,3,305,1
Predators,1,0,2,1,4,Ducks,0,1,2,0,3,20110422,1,0,0,1,7,-1,2010,1,4,1776,1
Sabres,3,0,0,1,4,Flyers,0,2,1,0,3,20110422,3,1,0,1,7,-1,2010,1,4,279,1
Kings,3,0,0,0,3,Sharks,0,1,0,0,1,20110423,3,2,2,2,4,-2,2010,0,5,305,1
Canadiens,0,0,1,0,1,Bruins,0,0,1,1,2,20110423,0,0,0,1,3,1,2010,1,5,270,1
Rangers,0,0,1,0,1,Capitals,1,1,1,0,3,20110423,1,2,2,2,4,2,2010,0,5,204,1
Lightning,2,3,3,0,8,Penguins,0,0,2,0,2,20110423,2,5,6,6,10,-6,2010,0,5,874,1
Flyers,1,2,1,1,5,Sabres,3,1,0,0,4,20110424,-2,-1,0,1,9,-1,2010,1,6,279,1
Ducks,1,1,0,0,2,Predators,1,1,2,0,4,20110424,0,0,2,2,6,2,2010,0,6,1776,1
Canucks,2,0,1,0,3,Blackhawks,1,1,1,1,4,20110424,-1,0,0,1,7,1,2010,1,6,1775,1
Penguins,1,0,1,0,2,Lightning,1,1,2,0,4,20110425,0,1,2,2,6,2,2010,0,0,874,1
Sharks,0,2,1,1,4,Kings,0,1,2,0,3,20110425,0,1,0,1,7,-1,2010,1,0,305,1
Bruins,0,1,0,0,1,Canadiens,1,1,0,0,2,20110426,1,1,1,1,3,1,2010,0,1,270,1
Sabres,0,0,2,0,2,Flyers,1,2,2,0,5,20110426,1,3,3,3,7,3,2010,0,1,279,1
Blackhawks,0,0,1,0,1,Canucks,1,0,0,1,2,20110426,1,1,0,1,3,1,2010,1,1,1775,1
Canadiens,1,1,1,0,3,Bruins,2,0,1,1,4,20110427,1,0,0,1,7,1,2010,1,2,270,1
Lightning,0,1,0,0,1,Penguins,0,0,0,0,0,20110427,0,1,1,1,1,-1,2010,0,2,874,1
Predators,0,0,0,0,0,Canucks,0,1,0,0,1,20110428,0,1,1,1,1,1,2010,0,3,2030,1
Lightning,1,2,1,0,4,Capitals,1,1,0,0,2,20110429,0,1,2,2,6,-2,2010,0,4,818,1
Red Wings,1,0,0,0,1,Sharks,0,0,1,1,2,20110429,-1,-1,0,1,3,1,2010,1,4,2071,1
Bruins,2,3,2,0,7,Flyers,1,1,1,0,3,20110430,1,3,4,4,10,-4,2010,0,5,270,1
Predators,0,0,1,1,2,Canucks,0,1,0,0,1,20110430,0,-1,0,1,3,-1,2010,1,5,2030,1
Red Wings,0,0,1,0,1,Sharks,1,0,1,0,2,20110501,1,1,1,1,3,1,2010,0,6,2071,1
Lightning,1,0,1,1,3,Capitals,0,1,1,0,2,20110501,1,0,0,1,5,-1,2010,1,6,818,1
Bruins,2,0,0,1,3,Flyers,2,0,0,0,2,20110502,0,0,0,1,5,-1,2010,1,0,270,1
Capitals,0,3,0,0,3,Lightning,1,1,2,0,4,20110503,1,-1,1,1,7,1,2010,0,1,818,1
Canucks,0,1,1,1,3,Predators,1,0,1,0,2,20110503,-1,0,0,1,5,-1,2010,1,1,2030,1
Flyers,0,1,0,0,1,Bruins,2,2,1,0,5,20110504,2,3,4,4,6,4,2010,0,2,270,1
Capitals,1,1,1,0,3,Lightning,1,2,2,0,5,20110504,0,1,2,2,8,2,2010,0,2,818,1
Sharks,1,1,1,1,4,Red Wings,1,2,0,0,3,20110504,0,-1,0,1,7,-1,2010,1,2,2071,1
Canucks,1,1,2,0,4,Predators,1,0,1,0,2,20110505,0,1,2,2,6,-2,2010,0,3,2030,1
Flyers,0,1,0,0,1,Bruins,1,0,4,0,5,20110506,1,0,4,4,6,4,2010,0,4,270,1
Sharks,1,1,1,0,3,Red Wings,3,0,1,0,4,20110506,2,1,1,1,7,1,2010,0,4,2071,1
Predators,1,1,2,0,4,Canucks,2,0,1,0,3,20110507,-1,0,1,1,7,-1,2010,0,5,2030,1
Red Wings,0,1,3,0,4,Sharks,1,1,1,0,3,20110508,-1,-1,1,1,7,-1,2010,0,6,2071,1
Canucks,2,0,0,0,2,Predators,0,1,0,0,1,20110509,2,1,1,1,3,-1,2010,0,0,2030,1
Sharks,0,0,1,0,1,Red Wings,0,0,3,0,3,20110510,0,0,2,2,4,2,2010,0,1,2071,1
Red Wings,0,1,1,0,2,Sharks,2,0,1,0,3,20110512,2,1,1,1,5,1,2010,0,3,2071,1
Lightning,3,0,2,0,5,Bruins,1,0,1,0,2,20110514,2,2,3,3,7,-3,2010,0,5,1183,1
Sharks,1,1,0,0,2,Canucks,0,1,2,0,3,20110515,-1,-1,1,1,5,1,2010,0,6,821,1
Lightning,2,1,2,0,5,Bruins,1,5,0,0,6,20110517,-1,3,1,1,11,1,2010,0,1,1183,1
Sharks,2,0,1,0,3,Canucks,2,1,4,0,7,20110518,0,1,4,4,10,4,2010,0,2,821,1
Bruins,1,0,1,0,2,Lightning,0,0,0,0,0,20110519,1,1,2,2,2,-2,2010,0,3,1183,1
Canucks,0,0,3,0,3,Sharks,3,0,1,0,4,20110520,3,3,1,1,7,1,2010,0,4,821,1
Bruins,3,0,0,0,3,Lightning,0,3,2,0,5,20110521,-3,0,2,2,8,2,2010,0,5,1183,1
Canucks,0,3,1,0,4,Sharks,0,0,2,0,2,20110522,0,3,2,2,6,-2,2010,0,6,821,1
Lightning,1,0,0,0,1,Bruins,0,2,1,0,3,20110523,-1,1,2,2,4,2,2010,0,0,1183,1
Sharks,0,1,1,0,2,Canucks,1,0,1,1,3,20110524,1,0,0,1,5,1,2010,1,1,821,1
Bruins,2,0,2,0,4,Lightning,1,2,2,0,5,20110525,-1,1,1,1,9,1,2010,0,2,1183,1
Lightning,0,0,0,0,0,Bruins,0,0,1,0,1,20110527,0,0,1,1,1,1,2010,0,4,1183,1
Bruins,0,0,0,0,0,Canucks,0,0,1,0,1,20110601,0,0,1,1,1,1,2010,0,2,2504,1
Bruins,0,2,0,0,2,Canucks,1,0,1,1,3,20110604,1,-1,0,1,5,1,2010,1,5,2504,1
Canucks,0,0,1,0,1,Bruins,0,4,4,0,8,20110606,0,4,7,7,9,7,2010,0,0,2504,1
Canucks,0,0,0,0,0,Bruins,1,2,1,0,4,20110608,1,3,4,4,4,4,2010,0,2,2504,1
Bruins,0,0,0,0,0,Canucks,0,0,1,0,1,20110610,0,0,1,1,1,1,2010,0,4,2504,1
Canucks,0,0,2,0,2,Bruins,4,0,1,0,5,20110613,4,4,3,3,7,3,2010,0,0,2504,1
Bruins,1,2,1,0,4,Canucks,0,0,0,0,0,20110615,1,3,4,4,4,-4,2010,0,2,2504,1
Penguins,2,1,0,1,4,Canucks,1,1,1,0,3,20111006,1,1,0,1,7,-1,2011,1,3,2168,0
Canadiens,0,0,0,0,0,Maple Leafs,0,1,1,0,2,20111006,0,1,2,2,2,2,2011,0,3,303,0
Flyers,2,0,0,0,2,Bruins,1,0,0,0,1,20111006,1,1,1,1,3,-1,2011,0,3,270,0
Ducks,0,1,0,0,1,Sabres,2,2,0,0,4,20111007,2,3,3,3,5,3,2011,0,4,2193,0
Rangers,1,0,1,0,2,Kings,1,0,1,1,3,20111007,0,0,0,1,5,1,2011,1,4,2445,0
Lightning,0,2,3,0,5,Hurricanes,1,0,0,0,1,20111007,-1,1,4,4,6,-4,2011,0,4,585,0
Senators,0,0,3,0,3,Red Wings,1,3,1,0,5,20111007,1,4,2,2,8,2,2011,0,4,406,0
Predators,0,2,1,0,3,Blue Jackets,0,1,1,0,2,20111007,0,1,1,1,5,-1,2011,0,4,333,0
Blackhawks,0,0,1,0,1,Stars,0,2,0,0,2,20111007,0,2,1,1,3,1,2011,0,4,802,0
Predators,1,0,3,0,4,Blues,1,0,1,0,2,20111008,0,0,2,2,6,-2,2011,0,5,253,0
Blue Jackets,0,1,1,0,2,Wild,2,2,0,0,4,20111008,2,3,2,2,6,2,2011,0,5,626,0
Red Wings,0,1,2,0,3,Avalanche,0,0,0,0,0,20111008,0,1,3,3,3,-3,2011,0,5,1154,0
Panthers,2,0,0,0,2,Islanders,0,0,0,0,0,20111008,2,2,2,2,2,-2,2011,0,5,1091,0
Stars,0,1,1,0,2,Blackhawks,1,2,2,0,5,20111008,1,2,3,3,7,3,2011,0,5,802,0
Hurricanes,0,1,2,0,3,Capitals,0,2,1,1,4,20111008,0,1,0,1,7,1,2011,1,5,233,0
Coyotes,0,1,2,0,3,Sharks,2,4,0,0,6,20111008,2,5,3,3,9,3,2011,0,5,614,0
Senators,0,0,5,0,5,Maple Leafs,2,2,2,0,6,20111008,2,4,1,1,11,1,2011,0,5,203,0
Lightning,0,1,0,0,1,Bruins,0,2,2,0,4,20111008,0,1,3,3,5,3,2011,0,5,1183,0
Sabres,0,3,1,0,4,Kings,0,1,1,0,2,20111008,0,2,2,2,6,-2,2011,0,5,2193,0
Rangers,0,0,1,0,1,Ducks,1,0,0,1,2,20111008,1,1,0,1,3,1,2011,1,5,2445,0
Penguins,0,4,1,0,5,Flames,1,0,2,0,3,20111008,-1,3,2,2,8,-2,2011,0,5,1777,0
Flyers,1,0,2,0,3,Devils,0,0,0,0,0,20111008,1,1,3,3,3,-3,2011,0,5,75,0
Canadiens,1,1,3,0,5,Jets,0,0,1,0,1,20111009,1,2,4,4,6,-4,2011,0,6,1115,0
Penguins,1,0,0,0,1,Oilers,0,0,1,1,2,20111009,-1,-1,0,1,3,1,2011,1,6,1797,0
Avalanche,0,0,1,0,1,Bruins,0,0,0,0,0,20111010,0,0,1,1,1,-1,2011,0,0,1765,0
Hurricanes,0,2,0,0,2,Devils,1,1,2,0,4,20111010,1,0,2,2,6,2,2011,0,0,419,0
Wild,0,0,1,0,1,Islanders,2,0,0,0,2,20111010,2,2,1,1,3,1,2011,0,0,1016,0
Flames,1,1,0,0,2,Blues,1,2,2,0,5,20111010,0,1,3,3,7,3,2011,0,0,1440,0
Coyotes,0,0,1,0,1,Stars,0,0,1,1,2,20111010,0,0,0,1,3,1,2011,1,0,884,0
Lightning,2,1,2,0,5,Capitals,2,1,2,1,6,20111010,0,0,0,1,11,1,2011,1,0,818,0
Canucks,1,0,2,0,3,Blue Jackets,1,1,0,0,2,20111010,0,-1,1,1,5,-1,2011,0,0,2050,0
Panthers,0,1,1,0,2,Penguins,1,2,1,0,4,20111011,1,2,2,2,6,2,2011,0,1,1013,0
Wild,2,0,1,0,3,Senators,0,1,2,1,4,20111011,-2,-1,0,1,7,1,2011,1,1,838,0
